2475 4034
412 163 569 235 lanaria.
620 163 762 236 hears}
983 160 1060 265 aoy
1094 228 1098 239 .

107 286 224 347 netur,
244 278 330 336 India
347 286 379 336 et
390 277 657 338 Mediahntiocho
671 294 727 351 per
739 292 896 341 summam
906 282 1062 346 inscitiam

108 352 327 420 assignentur,
339 352 482 420 regiones
492 360 612 409 caeterae
622 351 744 413 silentio
755 352 958 411 involvantur.
973 360 1064 428 Equi-

9 434 12 443 ·
105 423 181 481 dem
200 423 242 481 ita
268 423 365 479 hebes
386 437 481 480 nemo
499 432 569 491 est,
589 432 625 480 ut
643 423 825 485 orientalem
843 424 928 482 illam
944 428 1063 488 indiam

108 495 147 552 ad
160 495 319 563 Gangem,
335 503 547 564 autmagnum
557 495 720 553 Medorum
735 494 903 566 imperium
913 498 1064 559 Antiocho

4 584 8 597 ¹
107 565 263 631 vendicet.
275 566 335 625 Sed
345 566 438 635 longe
447 567 588 631 diversos
597 567 980 634 alioslndasctbledos,in
990 571 1063 628 cite·

106 638 273 695 rioredsia
286 639 370 695 circa
384 641 525 696 'laurum
541 648 681 699 montem
698 639 901 697 ostendimus.
924 642 1066 702 Meminit

104 709 214 767 Livius
228 710 340 767 eodem
349 710 370 766 l.
386 712 422 763 58
434 712 503 768 lndi
512 712 597 770 liuvii
606 712 691 770 baud
702 711 814 783 procul
824 728 841 768 a
851 713 959 784 Cibyra
970 714 1061 783 urbe,

108 796 178 852 quae
191 783 223 838 in
235 783 376 854 Phrygia
395 784 552 855 Cariaequc
566 784 679 842 linibus
696 791 771 842 erat.
792 783 824 840 Si
837 785 978 842 conferas
995 800 1064 856 quta

1 918 2 921 Ἴ
108 853 228 911 Plinius
245 853 266 910 l.
292 857 308 906 ὁ
334 869 360 911 c.
385 855 418 907 28
437 863 569 923 narrat,
595 856 740 924 ridebis,
769 856 879 912 indam
901 857 986 914 huna
1004 859 1063 915 llu-

106 925 217 994 vium,
235 926 270 982 in
286 925 499 998 Cibyratarum
512 927 592 998 jugis
606 935 710 986 ortum
724 968 734 996 ,
755 928 894 996 recipere
908 929 1063 999 sexaginta

107 1012 263 1069 perennes
283 1000 415 1066 fluvios,
440 1007 593 1056 torrentes
609 998 742 1069 amplius
760 1007 909 1068 centum,
936 1000 1063 1069 dignum

107 1069 261 1141 proinde,
286 1086 303 1126 a
323 1085 385 1141 quo
398 1070 511 1128 accolae
529 1085 644 1129 nomen
657 1069 828 1139 traxerint,
849 1079 901 1137 et,
923 1081 958 1127 ut
972 1088 989 1127 a
1007 1073 1064 1128 Se-

108 1156 211 1269 fluana
225 1143 376 1212 Sequani,
388 1142 425 1198 ab
434 1142 524 1201 ibero
537 1143 636 1210 iberi,
649 1143 831 1214 cappadoce
844 1156 935 1199 amne
945 1143 1064 1213 Cappa·

129 1227 227 1281 occs,
249 1214 290 1270 ita
311 1214 348 1270 ab
366 1214 443 1271 lndo
462 1215 522 1272 boc
541 1215 608 1271 lndi
632 1214 693 1272 sint
716 1213 872 1299 appellati.
904 1214 1062 1271 Habemus

99 1298 185 1354 ergo
198 1286 261 1356 iam
275 1287 434 1354 regionem
447 1287 596 1345 indorum
607 1287 639 1343 in
654 1287 786 1359 Phrygia
800 1328 809 1354 ‚
826 1300 920 1357 quam
933 1285 1063 1343 Eumeni

109 1356 214 1415 datam
231 1373 270 1414 ex
285 1359 370 1435 Livio
388 1359 547 1417 discimus.
571 1359 678 1419 Medos
698 1373 821 1430 quoque
838 1358 952 1414 ibidem
976 1370 1063 1427 repe·

109 1429 172 1486 rire
198 1429 292 1496 licet,
319 1445 394 1487 cunt
412 1430 445 1487 in
469 1431 619 1487 strabone
639 1431 659 1488 l.
686 1451 703 1501 7
724 1430 894 1502 Phrygibus
915 1442 1063 1486 annume-

100 1511 217 1559 rentur
234 1500 402 1574 mygdones
422 1543 430 1569 ‚
454 1512 486 1560 et
502 1503 675 1574 Bebryces,
697 1512 728 1560 et
746 1502 976 1574 Medobithyni3
998 1504 1063 1559 hlo-

102 1573 223 1639 ⁴dorum
246 1574 390 1630 videlicet
410 1573 486 1631 olim
510 1590 548 1632 eo
570 1575 701 1632 deducta
724 1575 854 1632 colonia.
879 1576 955 1631 Nam
979 1572 1063 1643 quod

108 1645 219 1706 sarano
231 1646 466 1716 Medohitbynos
476 1646 534 1703 hos
547 1661 603 1717 per
615 1663 632 1711 e,
650 1647 744 1705 breve
759 1662 814 1702 seu
825 1645 925 1716 psilon
934 1645 1060 1713 scribit,

110 1717 362 1780 Macchabaeorum
377 1717 543 1775 historicus
556 1733 612 1789 per
625 1734 640 1773 e
654 1717 781 1787 longum
797 1730 853 1774 seu
869 1724 917 1773 eta
930 1715 980 1772 vel
995 1717 1060 1782 ita,

103 1792 226 1853 nullius
238 1789 355 1858 negotii
366 1797 415 1847 est
429 1805 437 1847 :
451 1804 544 1846 nemo
557 1789 641 1846 enim
654 1790 776 1859 ignorat
789 1830 797 1855 ‚
815 1788 891 1844 tales
904 1788 995 1843 unius
1010 1795 1063 1843 aut

100 1863 235 1925 >alterius
258 1860 368 1935 littera·
388 1862 574 1918 mutationes
595 1861 628 1916 in
648 1860 868 1931 antiquissimis
884 1858 1061 1917 nominibus

108 1939 470 2007 trequenteroccurrere.
491 1933 631 2003 Denique
645 1931 862 2002 negligentiam
871 1931 1062 1987 amissarum

101 2006 341 2082 >prouinciarum
356 2019 421 2062 non
433 2013 562 2075 arguet,
581 2004 635 2074 qni
651 2003 835 2072 auenderit,
855 1998 914 2065 elsi
926 2014 989 2061 non
1007 2015 1062 2059 no-

1 2102 3 2109 v
100 2082 264 2147 zminatas,
283 2077 358 2136 satis
370 2084 476 2134 mmen
491 2076 642 2133 indicatas
655 2076 752 2132 luisse
766 2081 892 2132 caeteras
906 2073 1062 2146 inayrtimis

3 2166 9 2183 ·
107 2151 300 2226 regionibus,
320 2164 389 2221 quaa
405 2149 445 2204 ad
462 2157 635 2204 extremum
649 2148 812 2204 adduntur.
839 2176 843 2185 ·

144 2229 294 2282 insufflo.
328 2224 388 2280 Pro
408 2220 534 2290 largiter
555 2219 695 2289 implere.
726 2218 854 2276 Visitasti
874 2225 1008 2283 taram,
1034 2226 1063 2272 et

108 2297 260 2355 inebriasti
277 2309 344 2350 eam
353 2332 366 2363 ,
384 2293 509 2364 copiose
527 2291 671 2360 irrigasti.
696 2294 744 2351 Pa.
766 2302 843 2348 dxlv
861 2307 901 2345 ιο.
922 2296 954 2343 et
970 2286 1063 2358 paulo

108 2378 198 2442 post,
216 2383 246 2425 v.
266 2384 295 2420 ιι
312 2382 320 2424 2
337 2367 414 2422 riuos
427 2366 489 2436 ey'as
504 2365 638 2432 inebria,
659 2376 736 2432 auge
749 2361 941 2420 abundanter
953 2373 1057 2430 aquas.

109 2441 355 2504 inebriabuntur,
368 2438 525 2496 uberrime
538 2437 754 2502 satiabuntur,
768 2438 804 2492 ab
819 2436 950 2491 abertate
961 2432 1063 2488 acanus

109 2523 195 2572 tua:
214 2522 244 2569 et
261 2520 392 2568 torrente
409 2511 566 2582 uoluptatis
589 2510 773 2578 coarctabis
792 2523 848 2567 aas.
870 2509 910 2562 Ps
922 2515 1010 2563 xxxv
1030 2522 1057 2573 9.

109 2585 261 2645 inebriabo
280 2584 361 2656 prati
381 2584 436 2638 auci
453 2586 611 2655 fractura,
639 2576 946 2650 rigabo-liberaliter.
967 2575 1060 2634 Eccli.

109 2671 190 2718 xxlv
203 2660 248 2722 da.
263 2656 371 2722 Bibae,
390 2663 419 2710 et
431 2654 634 2720 inebriamini,
653 2653 806 2709 carissimi.
818 2653 905 2708 Cant.
926 2663 947 2705 v
962 2666 986 2713 ι.
1000 2662 1064 2705 non

110 2733 153 2789 ad
165 2726 457 2800 intemperantiam,
477 2727 533 2784 sed
544 2726 585 2782 ad
600 2724 793 2795 implendum
804 2723 929 2794 neritus
945 2728 1063 2778 naturae

110 2800 311 2861 desiderium.
334 2800 466 2866 Anima,
493 2810 556 2871 qua
577 2797 737 2865 benecicit,
762 2796 857 2853 bomo
876 2790 1063 2850 benevolens

104 2873 312 2935 ,athanaricus
326 2913 335 2941 ,
355 2871 611 2943 irmingaabitar:
627 2878 674 2936 et,
694 2869 744 2942 qai
757 2864 881 2923 inebriat
895 2904 903 2930 ‚
921 2864 980 2946 ipse
992 2878 1064 2946 quos

109 2963 167 3021 que
178 2945 379 3002 inebriabitur.
399 2947 488 3000 Pror.
510 2954 545 2999 xl
558 2940 672 3010 25..qui
682 2936 851 3000 liberaliter
863 2937 1014 3004 largitur,
1033 2947 1064 2990 er
1128 2954 1132 2963 ·

111 3019 203 3090 plene
215 3026 247 3074 et
265 3016 456 3073 abundanter
471 3013 668 3070 retribuetur.

148 3093 185 3159 a)
206 3093 267 3149 Pro
285 3088 416 3158 implere
437 3086 536 3143 malis.
560 3083 773 3150 inebriaberis,
792 3091 823 3138 ct
840 3080 896 3138 eris
920 3080 1060 3162 despecta.

111 3162 185 3221 Nab.
208 3172 248 3220 ιιι
263 3178 303 3215 ιι.
325 3164 530 3231 loquacius,
554 3157 683 3224 Ninive,
705 3154 827 3227 dolores
848 3151 1062 3235 acerbissimos

112 3235 215 3303 teres,
235 3240 270 3293 ut
282 3232 487 3297 Alexandria,
510 3231 561 3287 cui
576 3227 704 3286 eosdem
722 3226 816 3285 modo
832 3233 898 3291 erat
915 3229 1060 3281 minatus.
1116 3278 1123 3291 ,

111 3307 257 3363 inebriate
265 3321 347 3374 eunt,
361 3318 473 3374 nempe
483 3302 555 3359 rino
563 3300 676 3359 furoris
686 3297 819 3368 Domini.
830 3300 893 3355 Jer.
905 3304 1007 3359 xtvnt
1018 3294 1060 3347 ab.

112 3379 229 3436 liodem
247 3392 341 3437 sensu
353 3382 460 3432 contra
476 3372 699 3447 Babylonicum
711 3369 869 3443 populum.
887 3371 948 3425 Jer.
970 3377 1003 3421 ιι
1016 3366 1060 3449 by.

115 3451 221 3508 cibabo
234 3446 409 3505 bostes'stuos
427 3448 562 3509 coraibus
578 3445 657 3510 sais,
677 3452 705 3498 et
718 3442 802 3515 attasi
813 3450 910 3497 musto
921 3450 1064 3520 sauguine

112 3538 168 3580 suo
188 3523 419 3579 inebriabantur.
449 3521 487 3576 Is.
515 3528 591 3573 xntx
609 3514 664 3572 ult.
690 3513 804 3570 Muluio
829 3528 862 3568 se
884 3509 1063 3590 vulnerabas

112 3593 283 3651 laniabunt.
307 3592 472 3660 impletum
489 3589 523 3646 id
542 3601 666 3658 semper
683 3585 716 3641 in
734 3582 881 3642 aeclesiae
901 3578 1063 3645 hostibus,

112 3666 221 3732 ferro,
247 3673 279 3720 et
298 3663 445 3719 doctrina.
605 3678 607 3683 ¹
645 3676 648 3681 ·
1057 3717 1064 3730 ·

150 3736 277 3793 lardus.
293 3737 355 3793 Noa
367 3734 422 3788 erit
435 3732 474 3790 ibi
486 3729 607 3803 actulius
622 3727 719 3797 infans
733 3725 845 3781 dieram
852 3762 864 3792 ,
876 3729 904 3779 et
915 3734 1003 3776 scaea
1015 3732 1063 3790 qua
