2475 4034
186 64 230 156 54
336 139 343 162 ,
452 56 862 160 B'ontuu.liheou1utt.

182 176 290 233 oari'et
304 178 433 249 argenti.
454 180 504 235 Ps.
521 188 626 236 onvttt

180 247 264 318 lata,
286 250 398 308 melior
417 250 494 306 mihi
516 258 563 307 est
584 198 690 307 mustis
716 249 784 306 auri
805 258 836 306 et
858 254 977 321 argenti
994 252 1127 312 talentis

180 319 256 376 Vide
268 320 301 376 in
314 322 396 379 Voce
411 326 513 392 Quam.
908 381 910 384 .

214 391 358 450 ant'rtt.
385 396 416 449 Si
428 394 532 450 toneris
547 402 575 449 te
593 392 695 460 nitro,
711 398 740 448 et
755 392 989 464 multiplicaveris
1003 397 1155 453 tihiher·

179 465 248 521 hom
259 465 353 520 borith
364 504 375 530 ‚
388 466 538 521 maculata
551 479 579 519 es
592 465 622 519 in
636 464 790 538 iniquitate
802 475 855 522 tua
866 481 967 522 earam
979 485 1041 536 ane,
1061 469 1131 526 dicit

179 536 318 605 Dominus
336 539 419 591 Dens.
440 540 502 593 ier.
524 546 550 591 11
571 552 614 591 sa.
636 540 671 593 in
694 535 821 605 Vulgata
841 547 955 595 nornen
976 540 1035 597 hoc
1054 556 1130 597 nus·

99 607 108 622 ¹
179 620 273 679 quam
287 614 436 677 praeterea
454 607 566 676 legitur
581 627 589 674 ;
615 608 651 665 in·
665 608 813 668 hebraico
825 609 911 665 tonte
931 611 1027 668 semei
1042 611 1130 668 insu·

178 693 257 749 per,
279 679 349 735 Mal.
365 689 405 734 ιιι
423 696 447 735 a.
468 680 520 736 ubi
534 688 640 737 noster
653 689 780 751 aperte,
802 682 891 748 herba
908 682 1061 752 suttonam.
1086 688 1130 742 Ea

658 195 683 234 a.
697 177 780 244 Lex,
798 192 852 235 ore
868 186 921 236 tuo
933 175 1133 253 Ditittopto·
1164 203 1167 212 ⁴

1211 231 1226 344 i

1215 455 1226 547 i

178 748 271 819 vulgo
289 750 402 808 dicitur
415 752 578 821 saponaria
593 768 600 809 :
613 754 697 809 unde
710 766 806 822 sapo,
826 752 915 823 cuius
934 754 967 810 in
988 754 1129 813 eluendis
1218 775 1222 796 ¹

142 865 144 870 ⁴
177 822 308 878 maculis
327 823 522 894 quotidianus
541 832 589 880 est
605 839 691 881 usus.
715 826 764 881 hit
778 824 876 893 igitur
887 840 942 895 per
959 827 1129 887 tenemium

177 895 260 950 Deus
273 896 323 966 :Si
337 895 385 953 vel
394 896 476 953 nitro
491 898 584 965 (nam
595 903 626 951 et
635 896 698 953 isto
707 895 866 962 lavabant)
877 897 928 953 vei
941 912 1129 969 quacunque
1224 905 1225 920 ¹

177 964 331 1023 folionum
345 976 410 1025 arte
422 982 556 1042 purga-re
568 976 599 1025 te
612 968 786 1034 studueris,
804 982 988 1040 quocunque
1000 969 1128 1028 obtentu
1224 979 1225 982 ’

73 1039 78 1046 ’
178 1036 327 1095 celaveris
347 1041 501 1107 crimina,
522 1055 608 1096 meos
625 1049 728 1098 tamen
745 1038 853 1096 oeulos
873 1051 935 1096 non
952 1040 1083 1098 latebis·
1120 1069 1122 1074 v

213 1111 290 1168 Boo.
312 1113 453 1184 Cognovit
466 1116 514 1168 hos
528 1112 691 1183 (quiiibet)
705 1127 897 1183 possessorem
908 1129 1002 1169 saum.
1016 1115 1055 1170 Is.
1072 1113 1125 1170 15.

177 1183 251 1309 Qu}
258 1185 378 1241 ratione
394 1185 427 1240 id
440 1186 479 1241 ati
496 1185 609 1242 Christi
622 1198 761 1255 praesepe
773 1183 946 1255 pertineat,
965 1185 1127 1244 observavi

177 1252 210 1308 in
252 1269 300 1311 oc.
319 1257 432 1312 Asinus.
1122 1283 1125 1288 ·

213 1328 419 1385 Bosrttotttts.
445 1327 659 1383 therentianum
675 1328 706 1381 hi
716 1367 727 1395 ,
751 1329 802 1400 qui
822 1329 861 1384 ad
878 1332 1020 1385 neutrum
1039 1338 1125 1399 stant,

176 1407 305 1453 montem
317 1404 394 1455 Esau
406 1417 418 1467 ,·
437 1409 465 1454 et
478 1400 527 1472 qni
539 1399 569 1453 in
582 1400 790 1467 campestrihus
800 1442 809 1467 ,
819 1402 985 1457 ‘Philistiiirn
997 1419 1008 1455 .·
1020 1413 1049 1458 et
1059 1418 1127 1474 pos·

177 1468 308 1526 sidebant
330 1471 479 1541 regionem
491 1472 661 1542 ''Epht·at'm‚
687 1479 716 1527 et
733 1472 883 1543 regionem
908 1475 1050 1528 Samaria
1067 1491 1079 1528 :
1096 1483 1127 1530 et

177 1540 328 1611 Benjantin
347 1543 500 1614 possidebit
525 1543 646 1599 Gaiana.
674 1546 711 1598 iit
729 1545 956 1612 transmigratio
980 1547 1126 1601 exereitus

175 1611 401 1685 haiashtiornm
416 1613 508 1670 israel
516 1653 529 1682 ,‚
549 1615 649 1672 arania
661 1615 725 1670 ioca
740 1619 970 1672 chananaeorum
988 1633 1076 1688 iisqne
1087 1618 1127 1674 ati

175 1686 352 1759 Sareptam3
372 1696 401 1743 et
412 1686 638 1756 transmigratio
649 1689 830 1756 Jerusalem,
853 1701 917 1760 qttae
933 1690 964 1743 in
982 1690 1125 1760 Bosphoro

171 1766 242 1824 σει,
272 1760 426 1830 possidebit
448 1759 577 1815 ciuitates
593 1760 707 1816 Austri.
730 1759 841 1816 ‘Abdim
868 1775 897 1817 v.
928 1778 959 1829 ις)
980 1776 1027 1831 sq.
1050 1763 1124 1819 iimo

176 1832 402 1901 transmigratio
432 1832 575 1887 enercitas
603 1846 643 1886 ex
666 1829 740 1898 *attis
770 1829 866 1894 israel
892 1839 924 1900 et
950 1832 1133 1893 ierusalem.

175 1909 224 1959 est
243 1902 355 1960 cohors
378 1900 618 1976 Apostolorum,
642 1910 673 1958 et
700 1895 941 1973 apostotic’orum
959 1903 1138 1971 virorum„
1224 1904 1225 1907 ’

175 1987 424 2045 quaquaversum
438 1990 493 2046 per
506 1975 757 2045 ompttasparsa,
776 1976 809 2030 in
827 1975 915 2044 cujus
934 1975 1035 2044 regnis
1053 1973 1151 2032 om&

149 2061 156 2074 ¹
174 2045 428 2104 nibus-debellata
440 2046 686 2117 superstitioneg
702 2047 884 2108 innumeros
898 2048 930 2102 in
943 2046 1036 2104 sidem
1048 2050 1124 2105 iesu

173 2117 368 2191 imperatoris
391 2119 440 2178 sui
461 2121 614 2188 recepere.
645 2122 703 2173 Pro
727 2120 885 2187 Bosphoro
909 2118 1053 2177 hebraice
1076 2126 1126 2175 est

174 2192 340 2319 alileplttaract⁹
360 2203 422 2319 qtrltlt
435 2191 560 2248 nomine
580 2189 762 2266 Hispaniam
781 2191 910 2246 adhunc
925 2206 1024 2262 usque
1041 2191 1124 2250 mem

204 2277 223 2320 e
245 2263 298 2319 roei
317 2278 395 2335 appe
420 2272 481 2319 ant.
993 2287 998 2296 ·
1121 2272 1125 2279 ·

209 2338 331 2393 Busan.
347 2335 424 2392 Urbs
442 2336 585 2392 idumaeae
598 2350 653 2391 seu
666 2334 764 2392 iidem
775 2332 995 2406 praecipuasts.
1011 2343 1093 2396 uxot
1108 2354 1127 2391 t

175 2416 241 2476 suo.
262 2407 515 2476 eloquentissima
528 2414 575 2463 est
587 2406 684 2475 figura
698 2405 894 2475 dialogismi,
916 2406 1124 2475 querentibus

175 2478 291 2545 angelis
303 2478 393 2535 honis
407 2519 417 2545 ‚
439 2478 489 2536 vei
500 2480 594 2535 etiam
609 2493 650 2535 ex
663 2484 768 2534 mente
781 2480 815 2532 l).
837 2475 995 2533 Athanasii
1007 2476 1098 2536 maiis
1111 2519 1121 2547 ,

174 2548 380 2618 respondente
386 2551 514 2618 Massia,
527 2550 601 2608 dum
609 2550 802 2619 triumphans
812 2545 1122 2606 ineoelumascenoit

171 2620 317 2675 thoman
337 2622 465 2678 nomine
487 2622 620 2688 tudae,
641 2629 676 2677 et
697 2623 801 2686 Bosrae
823 2619 1037 2690 Hierosolyma
1061 2621 1123 2679 hoc
1219 2619 1225 2660 <s

173 2689 244 2748 loco
264 2691 386 2762 tegitur.
412 2693 489 2762 Quia
510 2708 585 2752 vera
604 2691 694 2749 Edam
717 2692 862 2748 hebraice
884 2691 1068 2759 member,
1091 2700 1124 2749 et

172 2762 453 2823 radicalesiitterae
474 2767 559 2824 vocis
582 2769 674 2822 Basra
687 2755 950 2842 ¹vindemiatorem
970 2769 1003 2819 et
1017 2762 1122 2820 vinde.-

173 2834 270 2892 utiam
285 2835 458 2905 significant
475 2838 656 2909 :ingeniose
666 2837 815 2909 propheta
830 2843 991 2894 cruentam
1002 2836 1124 2893 Messian

173 2920 283 2964 necem
303 2909 360 2965 sub
375 2909 521 2981 allegoria
543 2911 707 2968 vindemiae
729 2909 817 2967 celat.
841 2906 1014 2976 Terentiae,
1040 2908 1124 2978 quoti

173 2978 311 3037 calcasse
330 2996 364 3037 se
377 2982 471 3050 dicit,
491 2983 635 3053 impietas
649 2991 698 3040 est
736 2981 874 3048 entium,
893 2994 953 3050 qua
969 2981 1122 3049 protrita,

173 3065 265 3109 suum
284 3054 350 3124 ipse
371 3055 554 3125 sanguinem
572 3069 630 3126 pro
648 2997 753 3113 hostib
770 3052 880 3111 obtulit
894 3051 1122 3120 bitinniam,

172 3139 271 3196 eaque
282 3125 418 3184 vindicta
438 3126 483 3183 ilii
500 3126 680 3198 plenissime
696 3126 854 3188 satisfecit,
1070 3137 1072 3140 ·
1093 3127 1096 3138 “

208 3200 391 3255 Bnhontott.
416 3200 461 3256 ne
482 3198 675 3268 impiorege
695 3198 850 3256 antiocho
863 3195 1040 3256 ratimnans
1061 3199 1124 3256 Da-

171 3269 250 3337 niet,
261 3268 342 3328 inter
355 3270 412 3327 aha
426 3270 525 3327 multa
538 3269 638 3341 inquit
652 3272 797 3327 :brachia
806 3286 844 3326 ea·
855 3272 1029 3332 eostaoann
1043 3271 1120 3338 Dap.

171 3350 207 3394 xt
226 3342 269 3397 δι.
294 3342 424 3400 Brachia
442 3349 533 3401 vocat
553 3340 740 3411 potentiores
758 3343 960 3410 suanorum,
991 3340 1044 3413 qui
1059 3345 1125 3408 hn-
1224 3369 1225 3372 ¹

171 3411 266 3468 tiochi
285 3413 422 3483 partibus
435 3414 604 3479 favebunt,
629 3412 669 3470 ab
686 3427 786 3485 eoque
804 3411 937 3470 stabunt.

180 3547 191 3555 „
208 3485 242 3549 2)
255 3486 317 3539 Pro
332 3485 445 3546 attxilio
463 3494 493 3542 et
510 3483 653 3556 praesidio
667 3484 813 3541 humano.
835 3484 1001 3540 Maieaictns
1013 3485 1120 3550 amno,

1219 2735 1226 3036 t

172 3553 221 3618 qni
238 3556 355 3624 confidit
366 3557 398 3611 in
415 3556 528 3611 tantine
538 3597 549 3625 ,
571 3566 599 3612 et
615 3558 697 3627 ponit
715 3571 834 3612 coement
852 3556 1001 3611 erachiam
1018 3570 1122 3620 saum,
1223 3557 1225 3581 ³

171 3628 200 3674 et
212 3636 230 3674 a
243 3627 363 3682 Domino
377 3629 483 3685 recedit
495 3644 547 3688 cor
558 3630 629 3701 ejtts.
645 3631 707 3684 ier.
723 3627 1017 3702 xu115.,Quitotam
1030 3638 1127 3696 suani

1222 3708 1226 3774 t

1221 3779 1226 4010 i
