2475 4034
177 76 224 157 sd
436 142 441 150 ,
487 72 654 152 Arosis„
683 67 820 137 Apono.

174 194 209 248 Si
219 192 269 249 cui
281 198 385 247 tamen
395 188 533 259 prolerre
547 200 661 244 nornen
674 188 778 242 lebona
791 186 840 242 vei
856 182 997 253 libuerit,
1009 183 1057 243 vel
1066 197 1128 246 oe·

175 278 264 322 cesse
280 262 371 319 suerit
391 277 399 318 ι
418 261 537 326 videat,
558 273 598 322 ne
622 271 694 315 cum
714 256 819 313 multis
845 266 953 326 peccet
973 259 1126 327 turpiter,
1206 290 1208 312 t

174 334 230 410 gul
242 333 378 392 mediam
390 330 541 417 syllabam
559 339 706 400 tanquam
724 330 757 385 in
774 328 922 398 dactylica
936 343 1012 385 voce
1026 331 1128 386 cerri«

175 404 264 476 piuni
281 421 289 461 ε
309 413 357 462 est
368 417 453 461 emm
468 401 576 460 oillud
588 400 733 457 hebraice
748 401 873 465 ctotem,
897 399 979 470 quod
996 399 1126 469 perinde

174 483 210 533 ui
231 476 312 548 apud
332 477 454 533 Graecos
478 490 497 528 o
516 489 620 543 mega,
647 479 755 528 natura
778 481 901 540 semper
922 469 1050 539 longum
1065 479 1124 526 est.

145 567 153 578 ⁸
176 550 368 619 Quapropter
379 548 412 604 in
420 547 526 602 lebona
538 559 600 601 non
611 543 713 599 minus
725 542 978 613 producendaest
988 544 1128 598 secunda

139 663 143 666 ,
176 619 311 692 syllaba,
332 632 425 690 quam
449 618 482 672 in
506 616 620 679 nostris
637 632 779 682 ⁸corono,
803 628 952 684 persono,
976 615 1124 670 consolor.
1207 635 1208 650 2

177 690 273 748 Alteri
291 703 416 761 quoque
433 687 532 748 errori
551 686 745 750 occasionem
766 687 895 757 praebuit
910 699 1023 742 nomen
1040 684 1129 744 idem

176 765 486 831 Tetragrammaton,
501 760 669 832 quodcum
687 774 704 815 e
717 767 848 829 quatuor
860 757 1004 828 componi
1015 755 1128 813 litteris

176 841 341 894 cernerent
361 832 493 900 eruditi,
511 831 636 904 quidam
656 830 729 897 viri,
758 845 793 888 ac
813 828 941 886 totidem
962 827 1128 888 elementis

175 904 234 962 liei
252 918 366 962 nomen
383 904 416 961 in
435 904 502 961 aliis
523 917 645 975 quoque
663 901 774 972 linguis
796 907 939 957 constare
962 899 1126 968 audirent,

172 976 260 1037 nelut
282 976 399 1046 ingenti
421 976 541 1033 detecto
563 974 711 1045 mysterio
735 973 908 1042 scripsere,
929 971 986 1028 liei
1010 986 1127 1028 nomen

175 1049 258 1119 apud
270 1062 379 1106 omues
395 1047 524 1119 populos
535 1048 821 1114 uerragrammatuu
836 1058 890 1100 seu
904 1051 1035 1116 quatuor
1048 1042 1128 1100 litte·

171 1134 283 1177 rarum
296 1135 373 1177 esse.
396 1122 475 1177 Saue
493 1120 526 1175 io
544 1118 640 1174 latino
657 1124 689 1174 et
707 1129 806 1185 graeco
826 1129 988 1182 sermone,
1011 1114 1042 1170 in
1058 1129 1128 1184 ger·

172 1192 300 1258 manico
316 1201 441 1259 nostro,
462 1199 495 1248 et
512 1188 661 1261 plusculis
682 1189 769 1255 aliis,
788 1190 830 1243 ita
843 1202 935 1248 casus
947 1185 1017 1243 tulit
1042 1202 1050 1243 ε
1070 1186 1129 1243 sed
1207 1219 1208 1238 t

175 1263 216 1320 de
233 1265 376 1321 omnibus
389 1265 561 1328 affirmare,
577 1261 708 1331 quotide
721 1259 903 1332 quibusdam
915 1258 1125 1330 compereris,

173 1334 311 1392 hominis
324 1343 372 1391 est
390 1333 581 1399 festinantis,
598 1340 630 1388 et
641 1332 739 1400 logica
753 1330 880 1399 egentis.
904 1331 993 1388 (lecte
1012 1330 1043 1386 in
1065 1330 1129 1388 hoc

172 1405 234 1462 oei
246 1406 374 1466 nomine
385 1405 436 1462 vel
449 1404 550 1462 solum
566 1403 714 1460 italorum
729 1404 780 1458 llio
792 1407 823 1458 cl
840 1403 937 1470 iddio,
957 1402 1129 1471 bingionum

174 1477 254 1544 (iod,
266 1473 425 1536 llauorum
441 1476 504 1532 dud
519 1516 527 1543 ,
542 1474 752 1532 affirmationis
766 1473 934 1530 vanitatem
946 1475 1124 1533 ostendunt.

173 1549 291 1608 Adonai
302 1548 398 1605 semel
412 1556 579 1619 praeterea,
598 1561 699 1618 nequo
711 1545 839 1615 saepius,
854 1545 1025 1615 invulgata
1039 1560 1126 1616 repe-

171 1620 310 1689 .ritur,in
320 1619 425 1677 iudith
434 1619 570 1676 beroidis
581 1618 719 1683 cantico,
733 1618 989 1685 Adonoiliomine,
999 1633 1127 1687 trimos

174 1708 207 1750 ss
220 1701 263 1748 te
282 1691 388 1749 luditb
398 1703 455 1748 xvi
470 1692 511 1748 ιθ.
527 1703 627 1760 graece
639 1689 699 1746 hoc
712 1690 781 1746 loco
794 1703 856 1745 non
873 1689 993 1759 legitur.
1094 1737 1096 1740 ,

173 1807 178 1818 .
213 1766 351 1826 Anonm.
370 1767 454 1819 inter
471 1761 697 1828 abominanda,
718 1775 787 1832 quae
808 1763 889 1817 licus
908 1760 1058 1817 Ezechieli
1074 1773 1128 1820 os·

174 1836 289 1910 pendit,
305 1836 365 1893 hoc
380 1850 502 1907 quoque
515 1842 583 1891 erat
599 1848 608 1889 t
628 1834 794 1888 introduxit
804 1849 849 1896 nm
859 1850 911 1906 per
919 1836 1025 1894 ostiam
1035 1842 1128 1904 porto

177 1907 279 1963 domus
291 1907 426 1974 Domini,
442 1907 517 1979 qood
528 1906 695 1978 respiciebat
707 1906 746 1960 ao
757 1905 924 1977 Aquilonem
941 1923 953 1960 .·
971 1915 998 1962 et
1017 1922 1079 1966 ecce
1089 1905 1129 1963 itt

170 1978 311 2035 mutieres
323 1979 458 2035 sedebant
475 1980 646 2049 plangentes
661 1978 826 2035 Adonidem.
850 1980 898 2033 ΕΖ.
913 1988 975 2035 vill
991 1979 1031 2043 ri.
1050 1980 1127 2035 Pro-

171 2049 321 2113 ianorum
338 2051 435 2119 ritus,
456 2053 608 2108 venerem
627 2048 839 2115 adorantium,
861 2049 950 2119 cujus
968 2048 1127 2122 planctum

171 2121 217 2180 ol)
230 2121 401 2180 Adonidem
414 2122 453 2182 ab
465 2136 539 2193 apro
551 2121 690 2180 occisum
704 2120 818 2176 imitari
838 2120 986 2178 solebant
1009 2120 1127 2182 Sceles-

152 2201 242 2254 tam
262 2193 466 2265 religionem,
490 2199 507 2251 a
529 2194 644 2254 Graecis
663 2192 765 2265 primo
787 2192 952 2262 traditam,
972 2189 1127 2254 hebraico

170 2264 595 2324 mulieresbictemulantur.
1115 2312 1117 2318 .

170 2382 175 2388 .
212 2338 344 2396 Apono.
358 2337 390 2404 i)
405 2339 494 2407 saepe
506 2336 721 2403 esttenerari,
732 2346 890 2396 cicuitum
903 2336 1047 2398 adhibere
1060 2349 1125 2394 non

177 2409 344 2468 modonon
365 2408 522 2475 divinum,
544 2408 655 2465 sedne
673 2408 853 2478 religiosum
872 2411 1015 2483 quidem,
1035 2423 1123 2467 mere

137 2549 141 2554 ⁵
176 2478 260 2537 civili
273 2479 398 2537 honoris
413 2493 534 2546 genere.
555 2481 690 2543 Sumsit
702 2483 870 2549 Abrohom,
884 2492 912 2538 et
924 2482 1059 2538 odoravit
1069 2495 1126 2551 po·

175 2551 275 2620 putem
288 2559 382 2605 terre.
399 2550 473 2606 Gen.
488 2557 571 2607 xxm
584 2571 610 2620 7.
633 2553 772 2610 Adoraoit
789 2555 937 2611 Abraitom
954 2570 1054 2610 coram
1070 2569 1129 2625 po·

171 2624 243 2691 polo
256 2632 350 2679 tetro.
364 2620 436 2678 ibid.
452 2629 482 2681 v.
502 2638 543 2677 rs.
558 2624 812 2697 coramsosepbo
823 2628 988 2700 quoquein
999 2629 1127 2696 AEgypto

176 2696 284 2752 iratres
296 2691 494 2750 odoraverunt
504 2696 590 2765 proni
601 2696 633 2750 in
646 2704 766 2755 ternant.
786 2700 860 2755 Gen.
877 2706 957 2753 libili
973 2700 1015 2753 so.
1038 2698 1127 2754 incli-

176 2766 261 2895 ῃῑαυὶι,
268 2781 298 2821 se
305 2765 478 2851 militiades,
490 2777 519 2822 et
530 2768 666 2824 adoravit
678 2784 786 2844 regent.
804 2770 830 2828 3.
846 2771 918 2840 lieg.
935 2781 946 2824 1
963 2772 1003 2825 tti.
1025 2773 1126 2841 ,lique

176 2852 357 2908 rapassrm.

168 2957 173 2966 .
213 2911 310 2995 illle
329 2909 451 2968 christo
463 2909 519 2968 sub
538 2911 711 2969 salomonis
724 2913 859 2984 imagine
877 2915 1124 2986 pronuntiatur:
1158 2928 1161 2933 ’

169 2983 212 3066 iit
227 2988 322 3049 vivet,
338 2991 366 3039 et
380 2982 497 3039 debitur
513 2983 539 3039 ei
555 2986 590 3040 de
608 3001 684 3039 coro
701 2987 815 3042 Arabio
823 3025 834 3053 ‚
857 2997 885 3043 et
902 2988 1067 3044 odorabunt
1090 2984 1127 3040 de

168 3069 236 3123 ipso
248 3070 358 3125 semper
376 3071 386 3109 :
406 3064 469 3111 tola
481 3056 525 3112 die
537 3057 701 3115 benedicent
713 3058 746 3112 ei.
762 3060 811 3114 Ps.
826 3065 903 3115 cxxi
925 3062 965 3116 15.
992 3062 1057 3117 Nou
1069 3070 1129 3128 po-

168 3134 235 3211 test
247 3126 297 3184 hic
308 3141 372 3186 nou
381 3127 516 3196 pendere
525 3128 741 3186 animilatinus
751 3127 867 3203 lector,
880 3131 1037 3198 incertus,
1054 3128 1129 3200 quid

167 3207 215 3253 sn
231 3199 356 3255 adorare
375 3200 410 3254 de
428 3200 496 3271 ipso.
521 3199 674 3257 Particula
693 3199 853 3270 hebraica,
875 3218 942 3273 qum
964 3210 1071 3259 nostro
1092 3202 1129 3255 de

172 3272 358 3340 respondet,
373 3279 436 3328 tarn
447 3287 519 3342 pro,
535 3287 629 3342 quam
640 3280 759 3345 propter
773 3273 933 3343 significat.
951 3276 986 3330 llt
999 3274 1030 3344 in
1043 3272 1127 3329 Salo-

168 3353 300 3399 monem
319 3343 443 3413 quidem
465 3350 630 3413 utrumque
653 3344 799 3401 convenit
819 3361 827 3402 t
847 3360 921 3403 nam
948 3352 979 3401 ct
1000 3351 1127 3416 propter

171 3410 262 3495 illum
273 3454 281 3478 ‚
292 3422 324 3468 et
336 3427 391 3484 pro
397 3413 469 3498 illo,
483 3428 501 3498 a
514 3413 654 3498 fidelibus
668 3416 790 3500 populis
805 3416 950 3475 adoratus
964 3419 1126 3480 ennecus,

171 3488 206 3537 ct
220 3482 304 3539 mille
322 3486 461 3556 suspiriis
481 3484 651 3546 identidem
669 3495 841 3546 invocatus.
866 3488 927 3545 Sed
950 3488 1126 3545 decluisto

175 3563 237 3631 pon
249 3553 417 3639 placetpro
428 3555 504 3613 illud
524 3571 532 3613 t
551 3558 751 3628 nequeenim
767 3560 939 3617 humanum
955 3574 1054 3630 genus
1068 3570 1123 3626 pro

175 3633 265 3701 ipso2
282 3626 336 3682 sed
348 3641 413 3698 ipse
426 3639 482 3700 pro
495 3627 632 3688 hnmano
648 3643 760 3702 genere
774 3630 920 3689 Divinum
936 3635 1061 3689 Patrem
1075 3642 1126 3684 ro·
