2475 4034
112 236 118 247 ·
180 178 247 264 to&
378 202 395 233 ·’
417 173 630 264 &necnon
655 188 881 263 soonensi.

174 307 515 383 subjecissemus}
539 309 679 379 habent,
707 308 777 384 quic
802 309 944 384 supientia
964 308 1134 384 repi'eiitnr.

173 383 252 443 cum
267 382 371 441 addito
384 391 499 456 puncto
521 398 529 440 ε
550 384 634 455 quod
646 391 678 439 et
692 397 836 453 sensum,
854 391 885 440 et
897 398 1012 442 nexum
1024 382 1112 443 tollit.
1131 390 1139 418 ³

179 472 182 477 ’
209 455 399 514 (iunctum.
433 456 554 526 Effunde
576 457 751 526 frameam,
783 463 812 512 et
835 456 975 513 conclude
998 457 1147 529 odoccsus

173 541 239 597 eos,
260 529 310 600 qui
325 538 540 601 persequuntur
556 544 610 583 tnc.
633 531 682 583 Ps.
696 538 797 586 xxxiv
814 527 840 584 5.
853 528 1004 586 Hebraico
1022 528 1139 588 verita&

172 602 337 672 perspicua
355 607 403 657 est
423 614 431 657 ι
449 601 536 657 Educ
553 615 571 657 e
592 600 705 670 vagina
724 600 848 658 hastam
868 643 877 671 ,
911 609 943 657 et
960 600 1136 662 interclude

174 671 292 729 aditum
307 668 534 729 insectantibus
545 682 609 730 mc.
686 697 691 707 ·
1134 672 1138 679 “

126 778 137 797 .
211 746 409 802 constristo.
430 742 582 802 Ezechieii
604 743 746 819 precipit
767 744 851 802 Deus
872 761 881 801 τ
901 746 958 817 foc
974 744 1136 805 cunclusio-

173 832 247 878 nem.
263 819 312 872 iic.
336 825 385 874 vn
399 817 441 872 ιδ.
458 817 484 874 ἰ.’
500 832 527 874 e.
544 824 688 874 catenam
702 834 710 875 z
724 824 758 873 ut
769 816 914 874 hebraico
929 827 960 874 et
975 818 1138 877 chaideica

174 896 279 965 aperte
291 889 416 946 trahent.
438 888 535 967 Sicuti
554 886 593 945 ud
605 890 776 951 ceremiam
796 889 972 947 dictumest
991 905 998 947 :
1015 895 1073 946 Fac
1085 892 1137 949 tior

173 961 311 1029 uinculo,
327 970 355 1016 ct
368 971 487 1018 catenas
501 978 511 1016 .·
524 970 552 1017 ct
563 977 651 1034 pones
661 978 709 1018 cos
722 964 752 1019 in
766 962 840 1019 cotio
853 971 912 1018 tuo.
928 965 989 1019 ier.
1006 973 1097 1021 xxvtt
1107 980 1135 1020 ι.

175 1036 271 1102 Vnde,
295 1043 324 1089 ct
342 1034 418 1090 dices
431 1035 595 1093 Houonioe:
613 1038 678 1092 Huc
697 1035 767 1092 dicit
786 1035 948 1091 Dominus:
968 1044 1086 1091 cotenus
1099 1037 1135 1092 ii·
1230 1084 1235 1102 ,

173 1123 265 1181 gneus
285 1108 449 1164 contrivisti
466 1117 526 1185 ‘fl‘
548 1107 638 1177 socies
655 1123 710 1181 pro
728 1108 767 1163 cis
788 1116 907 1165 cotenus
925 1107 1047 1177 furcos.
1070 1109 1135 1165 Jer.

175 1180 402 1311 xxggpffiffl,
434 1252 471 1306 Et
493 1251 556 1306 uici
580 1268 591 1306 .·
617 1250 751 1307 Forsitan
778 1252 902 1311 teueirae
928 1252 1136 1309 concuicabunt

174 1340 243 1381 nte:
261 1332 289 1379 ct
309 1338 370 1376 noc
388 1322 564 1378 illuminatio
580 1338 646 1378 meo
658 1324 688 1377 in
704 1322 811 1380 deliciis
823 1324 903 1378 meis.
924 1325 999 1393 Quia
1015 1326 1136 1382 tenebra

177 1413 235 1452 non
257 1396 495 1451 obscurabuntur
510 1410 529 1448 o
546 1404 594 1460 tc,
613 1404 642 1449 et
654 1410 715 1449 non
727 1396 803 1451 sicut
821 1395 879 1449 dics
901 1395 1136 1454 illuminabitur:

175 1467 250 1525 sicut
267 1466 392 1522 tenchrae
403 1466 485 1536 ejus,
506 1467 548 1523 ito
562 1472 591 1520 ot
604 1466 701 1520 iumen
718 1466 787 1537 ejus.
797 1467 856 1529 11²5.
881 1475 1031 1525 cxxxvlii
1049 1488 1076 1525 ιι
1090 1485 1136 1541 sq.

79 1538 87 1557 ¹
175 1538 393 1603 conculcare,
423 1536 524 1607 inquit
545 1537 759 1611 Euthymios,
784 1537 997 1606 metaphorice
1020 1538 1137 1598 dictum

175 1619 222 1668 est
242 1625 259 1668 u
281 1607 482 1665 similitudine
498 1609 610 1679 petiis,
640 1610 693 1680 qui
718 1623 787 1679 quae
809 1607 929 1674 calcat,
953 1610 1062 1668 endem
1081 1613 1136 1670 oin

174 1682 258 1754 tegit.
283 1681 425 1750 nitergo
446 1678 571 1739 David:
597 1680 629 1739 si
645 1682 778 1748 dixero,
800 1679 910 1736 saltem
927 1681 1064 1738 tenebrae
1086 1697 1136 1740 me

174 1763 306 1826 tegent,
332 1754 426 1809 etiam
446 1751 513 1810 haec
532 1767 602 1823 spes
625 1752 726 1809 inanis
747 1760 822 1818 est,
850 1766 922 1809 cum
946 1756 1049 1823 neque
1075 1767 1136 1812 nos

123 1858 132 1903 '.
176 1828 302 1885 delicies
315 1832 346 1882 et
356 1825 529 1896 voluptates
548 1824 660 1881 vetitas
674 1825 866 1882 abscondere
885 1823 1050 1881 oculorum
1066 1834 1136 1883 tuo·

178 1913 250 1956 rum
269 1896 381 1954 lumini
403 1896 510 1966 possit.
536 1899 614 1968 lpsae
637 1898 774 1954 tenebrae
796 1910 904 1953 coram
924 1903 955 1952 te
979 1910 1043 1953 nou
1067 1906 1136 1955 suut
1233 1890 1234 1903 ¹

178 1970 343 2029 obscure:
362 1981 425 2026 nox
441 1982 478 2025 nc
497 1966 563 2027 dies
582 1969 742 2040 aequnliter
760 1962 896 2025 illustres
917 1967 950 2024 in
968 1977 1138 2041 conspectu
1232 1986 1234 2005 ³

177 2051 232 2100 tuo
247 2048 341 2099 sunt:
360 2042 496 2097 tenebere
511 2048 543 2098 et
560 2036 668 2098 lumen
688 2041 769 2127 apud
791 2044 892 2097 Deum
912 2042 984 2097 sunt
1004 2041 1101 2112 paria.
1170 2087 1173 2093 .
1232 2032 1233 2095 i

215 2115 514 2174 coucuetscuttm.
545 2116 581 2169 ln
594 2114 750 2189 AEgypuos
767 2116 851 2170 Deus
867 2128 959 2170 ranas
972 2121 1004 2170 et
1015 2127 1137 2173 muscas

176 2186 330 2263 immisit,
355 2185 472 2256 populo
494 2199 552 2244 suo
576 2185 755 2243 coturnices
781 2184 911 2256 largitus
931 2192 979 2242 est
1004 2203 1014 2244 ι
1045 2192 1078 2242 ut
1099 2186 1138 2242 itu

179 2261 293 2333 quidem
306 2259 536 2329 concupiscentes
549 2273 647 2313 escam
664 2267 784 2329 propter
802 2276 860 2325 co,
879 2270 944 2329 qun
955 2258 1011 2313 iiiis
1025 2266 1138 2315 ostenso

177 2342 207 2388 et
224 2332 315 2388 muso
330 2339 423 2397 sunt,
446 2330 534 2385 etium
556 2346 576 2385 o
594 2332 759 2386 necessario
778 2330 1012 2400 concupiscentia
1029 2339 1138 2388 orecte·

178 2414 293 2460 rentur.
316 2403 350 2458 iii
362 2411 461 2457 autem
471 2403 500 2458 iu
515 2401 593 2458 oceri
605 2403 701 2474 inopes
714 2403 788 2474 iacti
796 2445 805 2470 ,
819 2417 934 2458 ,nouom
945 2411 1138 2470 gustaverunt

179 2491 283 2532 escam.
304 2476 372 2544 Sop.
388 2473 480 2531 xvti.
495 2474 626 2545 AEgpptii
639 2473 765 2545 quidem
777 2476 816 2531 ex
828 2473 983 2529 obscoenis
999 2473 1137 2530 animen-

81 2560 88 2581 ¹
180 2547 262 2604 tibus
281 2552 314 2601 et
333 2545 483 2615 inseetis,
502 2547 590 2603 cibos
613 2559 723 2604 omnes
747 2540 982 2616 inquinantibus
999 2551 1137 2613 ,tantem

181 2630 332 2676 nauseam
349 2630 541 2689 concepere,
558 2625 593 2674 ut
605 2616 708 2674 omnis
724 2609 863 2673 alimenti
882 2615 1005 2672 fastidio
1016 2613 1137 2674 labora·

181 2698 266 2758 rent,
278 2697 309 2746 et
319 2686 506 2759 quotidianos
517 2705 553 2747 ec
564 2688 848 2758 ne'eesseriaedapis
857 2685 1064 2759 appetentiam
1073 2700 1137 2765 nm·

181 2776 257 2820 nem
271 2760 456 2818 amitterent
476 2764 515 2817 At
533 2762 677 2829 liebraei,
696 2760 825 2818 brevem
843 2760 981 2832 inopiam
996 2760 1137 2831 experti,

181 2846 264 2892 novo
277 2832 338 2892 eibi
360 2847 510 2904 generes
531 2836 597 2892 Deo
616 2832 725 2890 reiecti
744 2838 841 2907 sunt,
863 2838 1071 2904 ortygometra
1084 2845 1137 2890 sen

184 2906 365 2972 coturnice,
382 2906 548 2964 utilius.
565 2923 589 2961 ι.
609 2905 738 2963 dixeras
865 2906 870 2915 '
1127 2922 1131 2937 ²

217 2979 435 3037 Coucttt’tsco.
459 2979 675 3048 concupierunt
693 2976 955 3051 concupiscentium
973 2976 1004 3032 in
1017 2976 1137 3035 dcccmo.
1231 2972 1232 2995 ¹

178 3052 231 3108 Ps.
256 3061 307 3110 cv.
332 3053 373 3115 ri.
394 3052 591 3109 exarserunt
610 3051 806 3136 eupiditate,
827 3049 971 3107 videlicet
989 3048 1138 3109 carnium'.

180 3122 291 3182 Modus
312 3120 458 3195 loquendi
478 3121 588 3179 similis
607 3121 705 3182 inuno
723 3137 860 3197 pugnorc
878 3137 1034 3195 purnium,
1056 3123 1139 3179 seroi-

184 3205 276 3252 tutem
294 3196 424 3262 seruire,
443 3194 534 3251 vitum
550 3196 654 3252 oiocre.

217 3269 402 3327 conpensu.
427 3269 494 3323 vox
506 3266 655 3335 Domini,
674 3266 811 3326 tonitrua
825 3265 976 3322 nimirum
994 3272 1025 3324 et
1042 3263 1139 3324 iuimi-

84 3390 90 3399 .
179 3339 341 3408 num'vis,
359 3340 497 3396 reociuiit
510 3340 665 3395 condenso.
680 3341 731 3397 Ps.
753 3349 860 3396 xxvttt
873 3358 899 3408 9.
914 3336 1057 3408 liisjeciis
1072 3336 1139 3395 deu·

183 3411 379 3469 sissimarum
405 3412 552 3469 arborum
581 3412 761 3482 stirpibus,
793 3411 938 3467 intimam
964 3409 1049 3467 silvae
1072 3406 1139 3481 par'·

183 3489 247 3538 tem
265 3483 405 3552 aperiet,
431 3483 597 3555 oculisque
620 3488 765 3553 exponet.
1230 3490 1231 3493 ’

219 3554 257 3619 2)
281 3552 353 3609 Dies
373 3553 511 3613 solennis
531 3555 564 3611 in
578 3554 758 3613 condensis.
781 3551 955 3609 constituite
968 3551 1042 3608 ciiem
1053 3550 1139 3607 nun·

184 3634 251 3675 nem
266 3622 297 3677 in
311 3626 483 3693 condensis,
506 3643 538 3683 us
560 3643 595 3682 uc
613 3627 653 3681 ad
667 3640 762 3682 cornu
777 3624 892 3680 citaris.
916 3627 965 3681 Ps.
988 3630 1080 3681 cxvii
1098 3638 1139 3693 ²7·

184 3690 401 3760 intelligendas
421 3697 472 3754 alii
490 3698 631 3770 incircum
648 3697 766 3757 densas
786 3703 818 3754 et
834 3697 975 3767 copiosas
995 3694 1139 3765 frondes,
1229 3732 1230 3737 κ

186 3759 296 3830 quibus
315 3777 368 3820 arn
383 3780 402 3823 n
419 3767 516 3827 intere
534 3770 631 3827 altero
648 3768 688 3827 nd
709 3769 845 3827 alterum
863 3768 1053 3834 vestiretur}
1074 3767 1140 3840 ‘qui-
