2475 4034
200 124 276 203 ite
428 124 653 195 Mancnm'tis.
684 106 941 201 biennum„

205 238 292 320 usque
314 243 354 301 ad
373 236 569 306 vetustatem
592 251 626 295 ut
644 236 901 296 sacerdotibus'et
923 233 1023 294 levitis
1037 245 1151 309 'copio-

205 332 275 379 sum
287 315 466 373 alimentum
479 322 488 381 ,’
501 310 548 369 ὀι
557 311 686 368 amictus
699 307 861 366 diuturnus
875 316 1024 379 suppetat.
1045 311 1152 365 Forni-

204 400 287 450 eotds
306 403 335 442 es
347 402 366 441 a
383 388 443 442 Deo
454 392 504 441 tcto
519 381 674 438 adiecisti·
685 380 844 439 mercedem
855 393 941 450 super
954 394 1051 436 omnes
1062 397 1151 441 creas

200 460 304 520 tritici.
317 459 367 515 (is.
380 468 417 514 lx
432 473 454 513 ι.
466 456 490 512 0
504 453 599 515 isuadi
606 455 694 522 ..lien
707 451 833 531 relicto,
846 448 921 507 ialsa
933 452 1062 509 numina
1075 448 1153 510 ada-

200 531 295 592 masti
308 543 316 586 :
329 537 381 595 et,
398 535 432 584 ut
444 528 503 584 hoc
514 526 656 593 iaceres,
678 522 814 593 cuiusvis
829 521 934 579 lucelli
955 537 1024 592 spes
1040 530 1071 580 te
1080 523 1152 594 pel·

203 604 277 671 lexit
287 598 411 672 :quivis
426 597 520 655 tritici
530 604 696 670 prouentus
708 595 763 651 tibi
783 593 937 667 sufficiens
947 608 1070 651 merces
1082 595 1152 654 visa

204 683 273 743 est,
292 673 442 730 ut-iienm
462 670 629 725 desereres.
649 671 690 722 De
707 665 885 722 mercedibus
902 665 1153 723 meretriciseors-

203 749 427 873 grefftasuot,
439 750 468 797 et
479 756 567 812 taque
575 741 613 795 dd
625 738 782 795 mercedem
790 736 948 822 meretricis
957 747 1148 799 revertentur.

205 817 265 875 Mic
314 816 372 883 1'7.
395 815 474 884 Opes
490 820 573 879 tum,
593 819 628 868 ut
642 819 677 885 tu
695 810 819 881 quidem
840 809 1010 879 piaedleas‚
1028 808 1151 868 fructus

191 895 279 946 sont
295 885 406 948 tuaegin
422 886 496 941 deos
507 883 673 953 religionis
686 923 696 953 ,
711 884 793 952 odos
815 894 866 936 me
885 886 1062 950 contempto
1083 897 1153 938 am-

206 958 312 1029 piexus
334 971 367 1015 es
385 972 393 1013 z
412 964 443 1012 et
461 951 668 1026 buius-ipsius
689 952 845 1023 religionis
865 952 940 1008 socii
953 993 961 1015 ,
974 958 978 963 ·
989 967 1006 1017 a
1018 966 1076 1009 ,me
1094 953 1151 1009 tibi

203 1029 360 1099 immissi,
383 1041 459 1097 opes
476 1026 532 1081 bas
554 1026 701 1096 rapient,
713 1027 816 1094 riteque
835 1023 868 1079 in
886 1024 1095 1092 captivitatem
1112 1025 1153 1083 ad

206 1103 469 1160 deorumtuornm
479 1097 634 1156 domicilia
643 1095 813 1155 traducent.
826 1098 928 1150 Merces
938 1095 1084 1165 bominum
1093 1111 1152 1150 aon

205 1181 271 1230 erat
277 1213 290 1242 ‚
302 1187 362 1228 nce
373 1186 481 1226 merces
492 1166 701 1238 Jamentorum‘
712 1176 787 1223 erat.
808 1166 899 1223 zach.
921 1177 981 1223 veti
1002 1184 1042 1224 ro.
1063 1166 1151 1224 Nulla

206 1252 273 1302 erat
286 1241 551 1308 merceslaboris,
572 1241 693 1297 nubium
706 1238 963 1309 operaepretium.
1128 1238 1131 1243 “

240 1318 438 1385 Mandonius,
461 1312 541 1367 Sicut
552 1313 603 1384 qui
613 1311 703 1367 mittit
715 1311 838 1380 lapidem
850 1309 880 1363 in
891 1325 1026 1364 acerram
1043 1314 1153 1366 Mercu-

204 1386 266 1451 rii,
285 1386 329 1441 ite
340 1385 390 1457 qai
401 1383 504 1438 tribuit
515 1383 659 1456 insipienti
670 1384 815 1438 bonorem.
830 1383 919 1437 Prov'.
942 1392 1019 1439 xxvi
1032 1383 1059 1436 8.
1075 1384 1151 1447 iiroe

204 1457 349 1512 iubarum
361 1454 498 1524 gentium
508 1454 584 1512 ritus
594 1461 680 1521 erat,
693 1462 727 1509 ut
736 1453 902 1510 adstatnas
913 1452 1057 1510 Mercurii
1070 1453 1154 1517 viam

123 1534 126 1538 ⁴
205 1526 387 1593 iudicantis,
410 1533 461 1591 et,
488 1533 523 1581 ut
538 1525 596 1598 ipsi
619 1525 788 1595 rebantur,
809 1524 902 1580 etiam
921 1525 1152 1595 prosperantis,

200 1598 339 1668 dapidem
358 1598 572 1666 deponerent3
594 1603 782 1653 mercatores
803 1595 1076 1669 praeseminant
1096 1596 1153 1652 sub

198 1668 349 1736 ‚Mercurii
364 1668 507 1739 praesidio
522 1669 627 1726 vivere
643 1668 858 1725 credebantur.
881 1666 960 1722 Huic
979 1667 1088 1724 honori
1111 1668 1155 1722 si-

206 1740 287 1799 miiis
306 1748 354 1798 est
364 1741 487 1808 honor,
512 1740 564 1812 qni
578 1738 671 1798 stulte
682 1739 826 1799 tribuitur
840 1757 849 1804 ;
873 1738 984 1822 quippe
999 1737 1085 1808 ligno
1101 1744 1155 1795 aut

200 1826 305 1881 saxo,
324 1825 383 1869 neo
396 1810 511 1881 digno,
534 1826 593 1868 nec
602 1810 734 1871 ‘omnino
749 1809 904 1868 sentienti.

241 1887 412 1942 bibitionis.
439 1884 586 1951 Timebant
600 1884 692 1956 fortes
715 1883 760 1938 toi
777 1898 796 1937 a
814 1881 952 1949 meridie,
981 1892 1012 1939 ut
1030 1885 1156 1941 intereat

202 1954 251 2012 uir
262 1957 297 2012 de
307 1958 502 2012 monte'iisac.
518 1955 592 2011 Abd.
610 1971 640 2013 v.
656 1974 683 2025 9.
695 1956 905 2024 irrumpentes
920 1955 1078 2012 Cbaidaeos
1091 1967 1154 2010 nen

202 2025 309 2084 'solum
319 2025 438 2084 timebit
449 2027 534 2095 plebs
544 2034 597 2083 tua
606 2026 799 2098 promiscua,
812 2025 866 2082 sed
875 2025 1032 2083 etiamviri
1042 2026 1153 2093 fortes,

209 2104 239 2154 et
251 2099 375 2170 quidem
392 2099 564 2156 habitantes
577 2098 617 2156 ad
628 2098 790 2156 meridiem
803 2137 813 2165 ‚
835 2097 889 2168 qni
903 2098 939 2154 ab
952 2097 1068 2169 impetu
1081 2096 1156 2154 bos-

208 2170 302 2238 tium,
325 2178 431 2243 utpote
443 2170 669 2241 aquilonarium
680 2210 690 2237 ‚
705 2176 778 2227 sunt
787 2169 931 2226 omnium
943 2167 1154 2226 remotissimi.

121 2282 123 2285 ·
208 2241 322 2317 Peribit
332 2243 542 2312 unusquisqne
551 2241 584 2298 in
593 2242 749 2299 montibus
760 2240 1046 2310 vestris‚oposteri
1055 2241 1152 2306 Esau,

207 2313 373 2375 eidnmaei.
393 2315 504 2370 contra
519 2313 576 2370 hos
592 2313 676 2369 enim
691 2319 738 2368 est
750 2319 811 2368 tota
825 2310 929 2368 abdiae
944 2310 1117 2383 prophetia.

242 2386 277 2451 2)
290 2387 413 2439 Azotum
425 2384 455 2436 in
464 2384 581 2437 meridie
590 2384 710 2452 ejicient.
725 2381 816 2452 soph.
832 2391 858 2436 11
869 2383 895 2444 b.
910 2382 929 2437 i.
948 2396 975 2438 e.
989 2381 1157 2438 vastabunt

207 2451 277 2509 luce
288 2453 410 2523 palam,
429 2452 512 2507 clara
525 2453 583 2508 die.
605 2454 691 2513 idem
706 2462 752 2508 est
777 2454 838 2507 ier.
858 2461 901 2508 xv
919 2452 955 2518 8,
975 2451 1074 2521 eujus
1090 2451 1155 2512 ieci

202 2532 381 2581 contextum
396 2523 785 2580 inveniesinvoo.Areno.
1079 2530 1083 2537 ’

242 2593 277 2660 3)
301 2594 414 2649 Occidet
430 2596 473 2648 soi
493 2594 523 2648 ia
540 2595 666 2649 meridie.
688 2596 783 2650 Amos
797 2601 858 2649 viii
872 2609 897 2662 g.
918 2595 953 2649 ln
970 2593 1074 2653 media
1088 2596 1157 2655 ieli-

208 2663 300 2792 citlate
314 2680 370 2721 sua
387 2664 590 2737 deprehensi,
610 2673 734 2736 repente
746 2663 943 2722 miseriarum
963 2664 1095 2736 caligine
1107 2669 1155 2726 in-

207 2749 247 2793 eo
259 2744 378 2794 ventur.

239 2811 406 2878 ‘Mesalum
425 2811 504 2882 quod
517 2818 560 2866 est
573 2809 797 2894 interpretatum
812 2809 1059 2869 ebrtsrusrtoan.
1080 2820 1093 2868 1
1107 2814 1151 2878 br.

198 2886 244 2965 'ut
255 2879 340 3008 engm
351 2882 465 2942 Graecis
480 2883 627 2953 christos,
648 2889 690 2941 sta
703 2881 839 2940 liebraeis
855 2882 1016 2939 Moscbidcb
1025 2890 1154 2941 anetum

202 2965 289 3022 ‘signi
300 2960 371 3011 icat.
663 2960 668 2969 '
841 2980 846 2989 ·

244 3026 372 3084 Massls.
393 3028 446 3084 Sed
457 3036 485 3083 et
497 3029 572 3085 iude
584 3046 595 3082 .-
606 3041 679 3100 pone
688 3041 806 3083 messem
820 3025 872 3084 tibi
884 3067 893 3094 ‚
907 3041 974 3083 cum
984 3035 1154 3084 conuertere

209 3096 404 3167 captivitatem
411 3100 509 3171 popuii
519 3101 583 3156 mei.
603 3102 652 3157 os.
668 3097 769 3157 vluit.
782 3100 837 3155 Sed
847 3107 876 3154 et
884 3099 959 3155 iude
967 3099 1154 3156 nectendum

208 3181 281 3225 cnm
300 3178 437 3228 extrema
454 3172 565 3244 prioris
580 3169 725 3228 versiculi
743 3178 829 3241 parte
850 3185 858 3227 r
878 3172 1092 3228 contaminatus
1110 3179 1154 3226 est

207 3239 306 3296 israel.
318 3242 393 3310 Quia
404 3243 496 3301 etiam
508 3251 556 3311 tn,
572 3241 681 3299 obuia
692 3283 702 3309 ,
714 3241 891 3312 inquinatus
904 3257 937 3300 es
949 3243 1030 3301 sicut
1041 3241 1151 3313 israel,

207 3311 382 3383 captivitate
400 3322 434 3370 tu
450 3329 572 3386 quoque
586 3311 805 3382 castigaberis:
829 3326 892 3370 non
914 3321 1020 3372 tamen
1042 3328 1154 3386 perpe-

206 3389 285 3450 tua,
310 3390 345 3440 nt
367 3386 461 3443 israel
479 3404 489 3451 3
517 3386 573 3442 sub
596 3385 675 3457 cyre
695 3385 779 3442 enim
803 3382 978 3453 liberatus,
1001 3399 1153 3456 reponere

208 3450 310 3510 denuo
325 3467 460 3513 messem
477 3457 612 3527 poteris,
635 3463 786 3530 terraeque
804 3462 865 3515 tuae
886 3456 1025 3526 frugibus
1049 3457 1152 3528 quiete

208 3524 332 3590 perfrui.
351 3527 418 3584 vid.
432 3529 465 3584 in
477 3528 549 3586 Vno.
566 3531 667 3585 Novus.

244 3596 436 3654 muraena.
465 3600 551 3657 budae
572 3597 747 3657 iiacbabaeo
766 3597 805 3658 de
821 3598 971 3658 Romanis
985 3607 1152 3668 narratur,

209 3673 320 3727 ittarta
330 3668 460 3736 iecerint
469 3671 499 3726 in
512 3671 630 3742 regione
641 3671 794 3743 Hispanico,
813 3679 841 3728 et
853 3671 930 3743 qued
940 3671 971 3727 in
980 3680 1154 3744 potestatem
