2475 4034
151 131 221 224 ²54
287 121 299 131 ”
341 208 343 211 ,
403 132 650 221 Muumctu'n.
690 123 851 212 hinnisse
1020 215 1021 218 Ἴ

182 257 391 315 uerbum
408 239 776 318 Voesseiaitassoagainssa,
791 223 1093 313 montepenoerio

150 325 353 385 dilaceratione
366 322 479 408 pleon
499 335 558 376 non
574 317 686 374 recedet
700 331 720 372 u
738 314 988 387 sareptanum.
1008 324 1048 372 tlt
1069 332 1092 372 ι.

149 402 201 456 vae
212 397 289 465 tihi,
308 395 415 452 Ninive
433 389 652 461 sanguinaria,
674 395 737 447 tota
749 384 904 455 mendax,
924 384 1015 456 plena
1033 385 1096 444 ini*-

149 483 210 542 que
222 466 336 539 raptis:
351 477 474 535 semper
486 464 518 519 in
534 471 565 518 te
576 467 649 519 sunt
661 456 759 530 spolia
772 456 870 517 aliem
885 457 1009 514 ssedtu
1021 471 1096 529 quo·

150 555 210 613 que
222 536 410 612 spoliaberis.
428 537 510 590 Tum
523 532 663 604 seqnitur
677 528 876 602 hypotyposis
889 528 941 584 illa
961 528 1097 586 admira·

150 612 239 678 hitis,
258 624 317 682 qna
330 607 551 679 prophetarum
562 604 723 663 minorum
743 599 1012 673 eloquentissimus
1025 600 1097 674 hos<

150 693 214 742 tem
224 683 394 740 irruentem
407 676 563 735 describit.
1191 710 1194 715 -

112 753 115 758 ’
184 755 223 822 tl
245 755 362 810 bemus
380 749 542 808 mendacii.
566 745 660 805 llich.
681 756 696 801 1
721 745 762 808 rt.
783 740 882 809 Geth,
912 742 987 799 urbs
1009 742 1097 800 dum-

92 898 96 905 .
151 838 227 911 nost
238 832 270 881 et
283 821 378 879 inlita
387 818 504 879 israeli.
520 823 637 877 Locum
649 818 754 891 ipsum
766 813 862 873 hahes
875 815 907 870 iu
920 817 993 872 voc.
1008 815 1097 872 urio

203 910 258 951 sos.
417 946 420 952 .
444 942 449 953 .
674 936 677 948 ·

151 912 304 1034 ”gibbi
315 944 529 1023 mendaciieh.
547 963 617 1020 Par.
633 970 667 1019 tv
680 951 811 1019 ‘ursiton
822 955 909 1024 vitii,
930 954 984 1015 seh
996 955 1095 1015 hemi·

151 1052 227 1099 uum
244 1051 359 1096 nomen
370 1043 419 1093 est
437 1050 446 1091 ι
462 1033 695 1106 appellabantur
711 1032 796 1089 enim
814 1030 874 1087 viri
888 1026 933 1085 iili
948 1030 1097 1096 clodia,

151 1109 234 1183 quod
245 1121 308 1166 cxx
317 1107 496 1165 hebraicum
507 1106 679 1173 retinuere,
691 1110 802 1161 noster
810 1101 1026 1184 interpretatus
1039 1104 1095 1157 est

175 1183 224 1250 'lsi
239 1180 435 1238 Mendacium
454 1191 612 1248 aquarum.
635 1179 760 1232 Frustra
778 1174 902 1244 speravi
926 1171 1097 1229 auxilium:

151 1267 223 1324 spes
235 1253 301 1309 haec
319 1251 396 1307 mihi
410 1249 468 1307 luit
479 1250 563 1321 quusi
574 1248 755 1305 mendacium
773 1259 918 1318 uquarum
931 1240 1097 1313 miletum

150 1327 213 1380 ter.
231 1335 274 1379 xv
296 1323 337 1377 18.
361 1335 419 1378 ceu
436 1321 503 1377 tons
523 1361 531 1386 ‚
561 1334 658 1390 aquo
678 1319 762 1387 large
781 1316 982 1377 scaturientes
1004 1328 1098 1387 aquus

151 1400 385 1464 exspectamus3
403 1391 496 1448 atille
511 1392 639 1447 exaurit.
661 1393 794 1461 sperare
802 1396 908 1447 tamen
919 1385 1098 1459 prophetam

152 1480 181 1521 v.
199 1480 244 1534 sq.
267 1466 349 1519 bens
369 1460 476 1533 jubet3
498 1470 716 1531 perrecturum
733 1474 777 1517 se
790 1459 844 1516 ille
867 1458 1049 1526 dexteram,
1065 1458 1099 1534 vsi

153 1535 240 1592 adse
255 1534 356 1592 solnm
371 1533 558 1603 respexerit,
578 1541 609 1588 ct
626 1532 723 1590 verbo
735 1542 794 1590 suo
804 1530 929 1588 huelem
942 1543 977 1587 se
988 1529 1099 1589 ninis-

154 1614 236 1663 trum
254 1603 425 1675 praebuerit.

188 1675 432 1746 simoniacum
448 1689 506 1746 pro
524 1674 691 1733 simulacro
708 1674 779 1733 falsi
795 1673 855 1731 tici.
873 1673 925 1731 stc
939 1676 979 1730 ls.
995 1683 1099 1733 xxvlrt

156 1752 207 1816 15,
226 1756 262 1804 ut
273 1746 390 1805 dictum
403 1754 450 1803 est
460 1747 493 1803 iu
503 1746 636 1804 vocabu.
658 1747 756 1803 Foedos
773 1752 806 1802 et
822 1745 990 1815 Flagellum.

188 1822 309 1877 Mursa.
319 1819 445 1891 Babylon
452 1819 556 1875 dilecto
564 1834 629 1873 mea
641 1818 733 1889 posito
744 1827 787 1875 est
798 1816 867 1872 miii
877 1818 907 1872 in
915 1815 1099 1875 miraculum.

153 1895 228 1949 Pone
238 1905 378 1947 saeuum
390 1930 400 1958 ,
413 1890 617 1961 ,contemptore
635 1891 664 1945 ia
682 1890 797 1960 specula
815 1887 991 1946 comedentes
1009 1897 1037 1944 et
1056 1889 1099 1944 bi-

154 1963 273 2031 bentes;
288 1962 401 2032 surgite
415 1962 580 2035 principes,
597 1962 719 2031 arripite
731 1964 869 2034 clypeum.
892 1963 931 2016 ls.
949 1961 1036 2024 xxti
1052 1974 1098 2029 sq.

154 2033 290 2105 Babylon
303 2075 311 2101 ,
329 2032 414 2102 prius
427 2033 609 2105 opulentiae,
625 2048 709 2091 nunc
722 2034 829 2091 subite
842 2030 1028 2091 infelicitatis
1040 2031 1101 2090 mi-

155 2105 304 2165 raculum.
325 2102 479 2175 Epulare,
500 2105 672 2175 improvide
692 2105 870 2171 Baltassar,
885 2110 917 2161 et
930 2102 1101 2174 speculata

155 2190 221 2233 rem
245 2189 302 2247 pro
319 2183 351 2233 te
373 2174 468 2234 alium
489 2176 650 2233 constitue.
678 2179 762 2233 licus
787 2174 941 2248 principes
963 2172 971 2230 l
998 2187 1101 2231 noune

154 2247 262 2305 videtis
279 2246 444 2305 subeuntes
462 2261 517 2317 per
533 2247 694 2318 Euphratis
711 2249 835 2306 alveum
854 2246 958 2307 hostes
971 2246 985 2302 i
1000 2252 1033 2302 et
1046 2258 1101 2303 tus

155 2318 399 2377 comessaminit
418 2319 555 2386 surgite,
575 2331 662 2375 arma
681 2316 829 2390 arripite!
951 2381 965 2388 ,,
977 2369 1001 2381 ,,

192 2392 322 2445 MuustS.
342 2391 427 2444 Anno
444 2389 648 2444 sexcentesimo
665 2389 732 2445 vitoe
747 2393 825 2455 Not,
847 2401 943 2447 mettre
958 2388 1101 2454 secando,

155 2460 273 2528 septimo
284 2458 392 2514 decim
408 2458 592 2526 tiernensis,
608 2460 689 2529 rupti
702 2468 771 2516 suut
789 2474 886 2516 omnes
898 2460 993 2530 fontes
1006 2458 1104 2531 abyssi

154 2542 290 2596 magite,
312 2538 340 2585 et
352 2536 512 2585 cataracte
526 2529 587 2585 coeli
603 2539 711 2599 operte
728 2539 805 2587 sunt.
821 2531 901 2586 tien.
925 2539 972 2587 v11
993 2543 1033 2583 rr.
1057 2530 1103 2586 De

155 2598 272 2669 epocha
291 2606 418 2656 eventus
431 2607 494 2657 tam
510 2601 703 2658 memorandi
718 2609 750 2658 ct
761 2599 925 2671 singularis
938 2598 1035 2673 queri
1052 2613 1104 2660 so—

154 2669 217 2753 let,
239 2669 407 2729 armensis
420 2669 471 2729 hic
483 2670 615 2741 Aprilis,
640 2685 678 2728 an
689 2671 820 2730 october
831 2671 933 2731 fuerit
953 2671 1103 2742 Equidem

156 2741 213 2798 lust
230 2741 366 2799 ltebraeis
380 2741 491 2811 duplex
505 2742 579 2801 anui
589 2741 713 2802 initium
727 2761 734 2802 :
749 2757 865 2811 anuum
879 2743 966 2802 enim
979 2757 1102 2802 sacrum

155 2811 322 2875 inchoabat
335 2813 452 2873 usensis
464 2812 579 2883 Nisan,
605 2814 729 2874 civilem
745 2814 868 2875 Tiscbrl
887 2830 895 2872 ε
914 2829 1048 2888 utrorum
1065 2815 1103 2876 il-

155 2882 221 2942 lnm
236 2900 253 2941 a
267 2884 339 2941 luna
353 2899 431 2943 nora
440 2887 538 2945 nostri
554 2887 677 2956 Martii,
699 2887 782 2947 hunc
799 2886 898 2947 nostri
916 2888 1102 2959 septembris

156 2956 366 3015 ordiebantur.
388 2958 447 3015 Sed
461 2960 630 3028 generatim
637 2959 669 3016 in
680 2960 880 3021 liebraeorum
892 2959 978 3017 libris
987 2959 1102 3019 mensis

155 3028 248 3111 Nisan
270 3027 371 3112 solum
390 3029 468 3098 regit
488 3043 603 3089 annum
621 3046 747 3090 sacrum
765 3040 797 3089 et
811 3030 879 3102 elus
897 3031 990 3091 festos
1012 3030 1101 3091 tiles:

155 3097 272 3170 relique
288 3113 392 3159 omnia
406 3109 619 3161 memorantur
633 3117 673 3162 er
688 3102 795 3163 ordine
813 3102 886 3161 tnui
897 3102 1004 3162 eirssis.
1026 3104 1103 3161 burn

156 3183 231 3254 ergo
244 3169 392 3229 dilnvium
406 3186 469 3254 uon
484 3173 522 3230 atl
534 3187 602 3233 rem
615 3188 756 3243 sacram,
777 3188 836 3233 nec
847 3174 915 3244 eius
926 3173 1053 3237 initium
1064 3174 1101 3230 ad

156 3240 328 3301 uestestos
345 3250 522 3312 pertineat:
540 3256 629 3303 more
647 3245 750 3305 Divini
762 3244 884 3307 coticis
896 3244 1030 3315 intelligi
1048 3258 1103 3301 au-

155 3323 232 3375 num
253 3312 376 3371 civilem
393 3328 521 3372 necesse
536 3323 605 3384 est,
624 3323 656 3373 et
671 3329 812 3379 mensem
828 3331 847 3377 t
861 3315 985 3379 'liscbti
999 3317 1103 3387 prori-

155 3394 254 3440 mum.
269 3385 357 3439 Anno
368 3384 481 3453 altero,
495 3387 604 3443 eodem
615 3400 723 3444 mense
736 3387 873 3447 secundo
882 3425 901 3456 ,-
910 3387 959 3445 tlie
970 3404 1004 3457 sp
1014 3400 1102 3451 men·

156 3451 222 3576 ziza
244 3455 444 3589 εἶξιιιιὲκῗνω,
465 3458 656 3517 ethlotoum
668 3459 732 3519 suis
744 3473 784 3519 ea
797 3472 868 3523 arca
886 3466 1097 3530 egressusest

225 3560 233 3578 ·
329 3542 336 3576 ¹
374 3541 438 3597 sqq.

195 3592 232 3658 2)
254 3596 367 3652 mensis
387 3610 547 3661 novorum.
571 3601 664 3661 uxot.
685 3598 827 3663 xxus‘st.
848 3600 881 3663 id
896 3608 965 3672 est,
983 3600 1101 3660 mensis

158 3670 303 3719 nonarum
313 3667 446 3734 [rogum.
462 3672 514 3728 Ex.
530 3674 629 3735 illiti.
644 3673 793 3739 hebraice
803 3672 920 3737 mensis
931 3672 1007 3735 Abib
1017 3713 1027 3741 ‚
1039 3685 1101 3730 seu
