2475 4034
192 102 262 185 388
435 113 657 183 Taan'ucrm.
707 94 885 182 Transeo.

190 229 316 316 quidem
335 227 515 309 dissimulas
530 272 540 299 ,
564 229 620 288 scd
633 229 801 290 constituto
816 237 957 305 tempore
967 228 1041 290 illos
1056 214 1169 305 justil

190 311 241 360 trae
255 309 318 358 tuae
338 302 512 373 puniendos
529 302 686 374 subjicies.

230 376 439 433 Tunnucrto.
453 376 498 433 De
513 373 563 447 pla
585 374 834 443 atenebrarum,
851 388 919 447 qne
930 377 1084 460 AEgyptiis
1099 381 1166 436 tri-

192 445 254 505 duo
266 452 331 505 toto
342 446 504 515 incubuit,
528 390 674 504 Salomon
692 446 734 504 ita
750 445 858 512 scribit
874 461 885 512 r
904 448 991 504 Passr
1003 456 1085 505 sunt
1098 449 1164 506 irrr-

229 527 337 576 tentem
359 534 425 575 nere
444 526 588 589 noctem,
620 518 712 593 plane
733 517 996 590 insuperabilem,
1026 520 1161 580 nullius

204 589 317 648 uminis
330 603 390 662 ope
402 589 617 662 depellendam
634 608 644 657 ;
665 599 693 648 et
707 591 743 647 ab
756 590 882 660 infimo,
901 599 931 647 et
942 591 978 646 ab
995 590 1163 651 ultissimis

190 663 290 733 inseris
309 662 573 733 supervenientem,
599 669 724 720 enatam
743 662 830 720 -velut
846 676 886 720 ex
900 660 969 734 ipso
987 675 1068 721 orco
1085 704 1100 733 ,
1124 676 1162 723 et

191 733 594 806 quidemeproiuudissimo
606 732 675 806 ejus
687 733 833 792 barathro
847 749 856 791 s
868 734 998 791 eumden
1008 749 1160 803 sorianum

192 806 386 875 dormientes,
406 805 428 863 i.
452 821 479 864 e.
502 805 643 875 attoniti,
666 812 698 863 et
713 805 823 864 eodem
839 817 950 863 omues
968 805 1064 863 delixi
1088 818 1162 868 stu·

189 891 286 949 pore3
299 878 456 953 utiquam
464 888 665 935 monstrorum
676 878 906 950 exagitabantur
916 878 1036 948 tentore,
1054 880 1161 954 (spe-

190 950 265 1007 ctris
283 950 465 1008 animalium
484 957 515 1008 et
527 957 707 1022 serpentum
720 949 817 1006 sibilis
836 949 1005 1020 commoti,
1032 958 1072 1010 nt
1084 968 1118 1010 v.
1140 966 1160 1024 9

191 1022 310 1080 dixerat
321 1041 330 1091 ;
342 1026 351 1091 l
363 1023 522 1096 aliquando
532 1023 637 1078 animae
649 1022 818 1093 mutabunt
832 1021 1034 1091 traductione,
1047 1024 1160 1085 animi

128 1162 130 1166 ¹
191 1093 384 1164 delectione,
403 1094 851 1164 viribusdestirun.sap.av11
868 1094 900 1147 rb
915 1104 961 1178 sq.

227 1167 357 1225 Titano.
372 1167 404 1224 Si
414 1167 554 1223 direxerit
566 1168 605 1224 ud
616 1181 682 1221 eum
693 1181 745 1222 cor
756 1181 863 1233 suum,
880 1166 1013 1236 spiritum
1024 1165 1108 1224 iltius
1121 1179 1153 1225 et

81 1270 83 1273 -
191 1244 303 1294 statum
321 1240 360 1294 ati
375 1254 406 1294 se
423 1240 546 1298 trahet:
569 1238 689 1310 poetice
707 1238 825 1302 dictum
842 1238 901 1295 tob
919 1244 1019 1295 xxxiv
1042 1240 1086 1302 rb.
1115 1241 1152 1298 Si

190 1312 256 1366 Deo
266 1309 438 1380 placuerit,
460 1310 595 1367 animam
614 1317 647 1367 et
664 1308 835 1378 anhelitum
850 1308 970 1366 bomini
981 1309 1093 1366 aufert.

227 1382 469 1439 'inauscattstts
494 1382 575 1438 Sicut
590 1383 651 1437 uois
666 1382 802 1453 fugiens,
818 1390 846 1437 et
853 1380 926 1454 pulli
942 1381 1055 1437 denido
1073 1398 1153 1440 uno-

190 1453 283 1508 lentes
295 1493 305 1520 ,
319 1453 361 1508 sic
372 1462 459 1510 erunt
469 1452 535 1523 {iliu
542 1455 624 1510 Moab
638 1453 668 1508 in
681 1461 855 1509 transcensu
865 1455 973 1518 Amore
989 1455 1027 1510 ls.
1043 1465 1106 1511 xvi
1121 1472 1149 1511 n.

191 1527 328 1581 Torreus
346 1537 403 1583 sen
422 1523 534 1581 fluvius
555 1526 662 1590 Arnon
682 1524 716 1580 iu
738 1524 850 1582 tinibus
871 1533 939 1583 erat
955 1524 1148 1590 Moabitidis.

190 1596 336 1654 llostibus
345 1595 406 1654 late
415 1594 520 1659 omnia
532 1594 770 1667 populantibus,
784 1595 955 1659 Moabiticae
964 1610 1020 1658 seu
1032 1597 1151 1671 puelle

190 1668 347 1738 fugitivae,
372 1682 427 1727 seu
448 1668 561 1738 oppida
581 1668 615 1724 in
632 1666 729 1725 limite
750 1668 807 1725 sita
829 1668 867 1726 ad
888 1668 1020 1726 Arnonis
1043 1669 1151 1739 ripam

191 1739 275 1798 baud
293 1740 381 1798 aliter
402 1739 625 1818 trepidabunt,
649 1752 743 1819 quam
762 1753 834 1809 aves
853 1747 885 1798 et
904 1739 1008 1798 arium
1024 1738 1108 1811 pulli
1129 1756 1149 1800 e

190 1811 267 1870 nido
278 1812 484 1883 aufugientes.

114 1901 118 1910 ¹
226 1884 1148 1959 Tnansno.irensitooobis‚aubitatiopulcltrmconsmuigno·

190 1957 290 2014 minio.
307 1956 399 2015 llicb.
415 1968 428 2014 1
449 1976 490 2014 ιι.
510 1960 591 2017 Vobis
606 1965 654 2015 est
669 1956 868 2039 pleonasmus
880 1956 1044 2015 hebraicus
1058 1998 1067 2024 ,
1083 1956 1147 2015 soli

108 2069 112 2078 .
191 2028 350 2100 elegantiae
362 2029 511 2088 serviens.
534 2030 698 2101 Exulatum
718 2029 819 2100 abite,
843 2028 926 2087 cives
939 2028 1026 2099 regni
1042 2042 1153 2100 ‹putrir-v

192 2101 263 2158 dam
274 2100 499 2172 pulcherrimi,
519 2116 603 2159 nune
614 2100 784 2172 ignominia
794 2100 945 2172 cooperti.
980 2158 985 2167 ,

228 2174 262 2243 ll
276 2172 424 2232 Transire
435 2175 468 2231 in
482 2173 626 2231 allectum
638 2173 750 2239 cordis,
763 2175 813 2244 l’s,
830 2183 923 2239 nisan
935 2192 962 2243 7.
976 2172 1146 2244 indulgere

192 2245 299 2316 genio,
316 2245 499 2317 cupiditates
519 2260 590 2303 suas
606 2234 760 2316 quaslibet
771 2244 905 2315 explere.

226 2317 259 2385 il
280 2318 395 2390 Lingua
406 2333 508 2375 eorum
521 2317 655 2375 transivit
672 2317 703 2372 in
717 2325 806 2388 terrm
819 2319 867 2385 Ps,
881 2325 973 2387 tanti
985 2335 1011 2385 9·
1026 2318 1143 2386 Quem-

193 2388 362 2445 admodum
381 2397 543 2461 posuerunt
560 2389 590 2444 in
610 2390 711 2444 coetum
727 2405 758 2444 os
780 2390 865 2444 suum
885 2387 994 2459 (ibid.)
1012 2426 1024 2457 ‚
1041 2387 1141 2460 ipsius

190 2459 246 2515 ilci
257 2472 352 2531 opera
371 2459 570 2517 criminantes
591 2475 599 2517 ε
618 2460 660 2516 ita
675 2459 752 2516 nulli
765 2459 928 2517 bominum
945 2459 1048 2531 generi
1065 2474 1140 2529 par·

191 2537 286 2593 cunt,
308 2537 424 2587 terram
438 2531 617 2588 universam
629 2530 777 2602 carpendi
788 2530 910 2589 licentia
924 2538 1136 2603 pervagantes.

214 2603 264 2670 λι)
280 2600 428 2663 Transire
445 2610 477 2659 et
494 2603 618 2671 reuerti.
640 2603 840 2661 llebraismus
859 2602 905 2664 illi
924 2601 1054 2669 similis,
1074 2615 1138 2673 quo

191 2674 314 2742 dicunt,
334 2671 458 2742 ingredi
474 2682 506 2731 et
525 2674 643 2745 ngredi
667 2675 711 2743 lle
730 2673 872 2745 ¹hostibus
897 2688 915 2732 a
939 2676 1005 2731 lieo
1028 2672 1062 2730 in
1079 2675 1138 2749 Ju-v

190 2747 290 2804 (laeam
307 2745 457 2811 immissis
472 2744 605 2817 legimus
629 2761 638 2803 ε
659 2751 749 2815 Terra
764 2747 893 2806 desotmu
909 2756 953 2803 est
970 2746 1007 2801 ab
1023 2745 1080 2813 eis,
1104 2760 1138 2817 eo

190 2820 345 2892 puerinon
365 2827 439 2875 esset
458 2819 600 2876 transiens
623 2826 824 2883 circumiens.
848 2818 941 2889 zach.
963 2824 1012 2879 lili
1031 2814 1083 2875 nlt.
1102 2834 1136 2874 eo

191 2893 267 2963 quod
278 2905 335 2962 pro
350 2890 394 2947 ito
411 2900 470 2948 ut:
492 2892 538 2950 sic
558 2890 643 2949 euim
664 2890 734 2949 fons
751 2890 935 2959 hebraicus,
958 2897 990 2946 et
1004 2903 1054 2947 res
1070 2888 1135 2958 ipsa

191 2963 333 3021 ostendit
356 2965 453 3020 Terra
463 2963 577 3026 nudata
593 2971 641 3020 est
655 2961 786 3031 ineolis,
807 2963 850 3020 ita
862 2970 897 3019 ut
913 2959 1040 3024 urbibus
1054 2960 1135 3017 babi-

190 3043 304 3092 tatores
319 3034 472 3095 deessent.

227 3107 262 3176 5)
276 3107 424 3164 Transire
442 3116 473 3165 et
487 3121 642 3175 corruere.
661 3109 719 3176 Qui
730 3106 832 3164 verbis
850 3105 928 3164 mus
941 3118 1003 3162 non
1016 3106 1135 3162 auscul-

190 3179 341 3245 taverint,
359 3179 461 3250 inquit
473 3179 619 3251 propbeta
632 3177 829 3250 evangelicus
845 3220 853 3245 ‚
878 3192 936 3237 non
951 3177 1006 3232 erit
1019 3176 1056 3232 eis
1072 3192 1134 3231 nro·

192 3252 371 3323 tutioribus,
391 3250 526 3308 veritatis
536 3251 589 3311 lux
604 3250 650 3307 eis
665 3263 729 3308 non
741 3250 881 3318 orietur;
899 3259 927 3315 et
943 3248 1076 3304 transibit
1085 3248 1134 3317 pen

191 3337 277 3390 eum,
301 3331 444 3389 renuet,
469 3332 497 3379 er
516 3322 641 3389 esuriet,
663 3334 729 3379 unu
789 3321 876 3394 'sque
892 3318 1045 3389 illorum,
1064 3319 1132 3381 dum

190 3408 248 3466 per
265 3402 381 3452 terram
399 3394 561 3462 transibit,
582 3401 654 3457 ruet
670 3407 735 3464 prae
763 3391 958 3460 assitudine,
980 3405 1039 3449 nee
1054 3390 1132 3447 invo-

190 3465 271 3533 niet,
286 3479 347 3536 quo
358 3465 440 3521 vires
453 3465 589 3532 reliciat3
602 3473 792 3549 quapropter
805 3465 902 3523 iratus
916 3464 1062 3524 rmbdicst
1072 3456 1133 3541 rogi

190 3549 267 3601 suo,
286 3545 315 3590 et
331 3536 383 3590 uteo
394 3549 448 3590 suo
458 3534 559 3592 laiso:
578 3544 607 3592 et
622 3535 914 3610 suspicietsursnm,
936 3546 964 3593 et
975 3536 1014 3592 od
1029 3543 1132 3601 terr-con

191 3605 373 3672 intuebitur3
392 3613 558 3675 utrumque
575 3608 736 3664 incassum
756 3622 765 3661 t
786 3620 861 3664 nam
879 3621 981 3678 neque
1002 3605 1129 3673 eoelum,

191 3684 292 3742 neque
306 3682 389 3732 terra
406 3674 553 3732 auxilium
571 3676 659 3733 ieret.
676 3679 715 3733 ls.
737 3687 797 3734 vnt
814 3695 848 3732 ao
866 3691 931 3749 sqq.
999 3747 1001 3750 y
