2475 4034
154 182 240 256 noo
470 179 637 248 lncnnro.
686 179 806 247 Inuus.
837 166 841 175 ’

200 292 360 356 incubent
377 295 459 371 Dicit
471 295 611 351 bonanus
624 292 758 353 adsutan
771 313 782 352 .·
800 299 928 368 Increpet
940 295 1077 354 Domintts
1089 297 1119 356 ln

159 382 196 429 te
210 379 296 429 satan
315 385 326 423 .·
344 378 374 425 et
389 370 516 454 increpet
533 371 671 423 Dmninus
684 369 714 424 in
727 378 777 435 te,
790 370 840 440 qui
850 369 937 441 elegit
948 371 1117 426 Jerusalem.

165 444 258 501 zach.
271 452 311 499 ut
322 458 346 497 a.
363 442 393 497 in
407 449 453 509 te,
468 456 488 496 1.
502 455 530 497 e.
545 446 585 497 te.
601 443 664 510 Ego
673 449 703 498 te
717 441 905 511 reprimam,
919 450 1015 511 egcte
1028 445 1121 500 codr-

165 516 265 580 oebo;
284 521 331 570 est
348 514 431 569 enim
449 514 480 582 in
497 511 644 571 hebraica
655 521 778 584 tempus
791 512 940 570 futurum.
962 513 1121 587 Repetitnt·

163 588 313 653 verbum,
325 593 358 641 ut
370 584 471 655 major
479 585 525 640 vis
537 584 667 640 addatur
680 585 850 657 sententiae.
859 588 923 655 Ego
933 624 942 653 ‚
954 585 1121 656 quiscdem

60 706 63 715 ,
165 657 325 727 religionis
338 656 417 725 elegi
429 656 622 723 Jerusalem,
643 670 702 726 ego
714 662 745 713 te
756 670 976 728 compescam,
996 671 1037 714 ne
1049 671 1121 731 sup·

164 731 281 815 plicem
306 742 364 800 pro
385 744 422 787 ea
445 731 553 785 iesum
577 728 776 786 sacerdotem
798 742 948 798 magnum
969 729 1122 801 impedire

190 816 278 860 ossis.
652 814 658 827 ⁴
1170 849 1182 858 .

167 820 395 931 1'lttcttltttntts
416 872 564 946 Disperdet
579 872 718 943 Dominus
736 873 773 929 ab
790 873 881 929 lsrael
895 881 983 942 eaput
1001 880 1029 928 et
1045 887 1120 928 cau·

168 947 257 1013 aum,
271 946 473 1002 incurvantem
484 953 513 1001 et
524 945 725 1016 refrenantem
737 964 749 1014 ,·
767 944 934 1010 hebraico,
954 956 1077 1000 ramum
1090 950 1122 1001 et

168 1018 298 1091 juncum
318 1020 357 1074 ls.
380 1029 415 1075 ut
437 1019 477 1081 td
502 1017 599 1088 capnt
615 1024 664 1074 est
682 1015 840 1103 longaevus
859 1016 890 1075 et
908 1014 1118 1085 hottorabilis,

169 1091 267 1159 cauda
287 1098 336 1146 est
346 1090 495 1162 propheta
512 1091 671 1148 mendax:
694 1096 729 1145 ut
739 1103 807 1161 ipse
819 1088 969 1161 propbeta
986 1085 1123 1157 explicat

168 1177 197 1221 v.
218 1177 263 1234 sq.
284 1165 421 1229 Ramus,
447 1161 598 1219 fructibus
620 1160 746 1231 gravis,
773 1175 867 1232 seque
885 1159 1029 1231 ponderis
1047 1173 1123 1228 ergo

170 1235 360 1301 incurvans,
383 1233 544 1304 opulentos
560 1248 706 1304 proceres
724 1233 863 1300 indicat3
886 1246 1037 1303 pauperos
1054 1230 1123 1301 jun·

170 1321 226 1363 cus
241 1346 250 1372 ,
277 1307 330 1376 qui
347 1307 383 1369 ab
399 1306 515 1362 infimae
527 1306 713 1362 conditionis
728 1305 906 1362 hominibus
919 1319 976 1377 pro
988 1302 1123 1374 capistro

170 1378 317 1451 jumentis
338 1376 482 1448 injicitur.
507 1387 570 1433 Lxx
589 1391 677 1434 more
690 1391 748 1436 suo
765 1376 981 1448 metaphoram
1001 1375 1125 1433 solven-

170 1458 218 1507 tes
240 1449 325 1504 aiunt
344 1464 353 1504 τ
370 1461 519 1518 magnum
538 1457 570 1505 et
588 1462 728 1520 parvum.
752 1452 814 1504 Non
832 1449 888 1505 erit
908 1454 1035 1520 AEgypta
1053 1462 1124 1520 opus

192 1521 350 1590 actitarint
362 1531 450 1592 caput
461 1529 490 1577 et
501 1522 646 1588 scuriam,
663 1521 866 1577 incurvantem
879 1527 908 1575 et
915 1523 1141 1592 refrenantem*

187 1609 209 1650 s.
230 1603 288 1649 xlx
316 1594 356 1649 ι5.
384 1590 464 1648 ilihll
485 1601 615 1661 agetur,
646 1607 685 1648 ex
704 1606 766 1663 quo
783 1593 953 1663 prudenter
974 1591 1124 1669 colligas,

170 1678 241 1722 esse
255 1663 388 1737 aliquem
398 1663 557 1736 sapienter
567 1665 797 1736 imperantem,
815 1663 866 1722 vel
878 1663 1060 1721 obedienter
1072 1678 1125 1722 cu·

171 1744 316 1806 cantem,
337 1752 405 1808 qun
419 1738 568 1807 imperata
588 1744 670 1794 sunt
1007 1752 1010 1759 ’

208 1813 363 1868 lucuuvo.
377 1809 503 1881 Dissipat
516 1808 615 1881 impios
628 1826 683 1866 rec
695 1809 830 1883 sapiens,
850 1817 880 1866 et
892 1809 1029 1866 incurrat
1041 1823 1127 1880 super

172 1896 220 1937 eos
233 1883 399 1953 fornicem
418 1880 581 1949 hebraice,
603 1881 704 1940 chald.
720 1890 751 1939 et
767 1893 884 1953 graece,
906 1890 1016 1938 rotam.
1033 1882 1123 1939 Prot.

173 1965 218 2012 xx
231 1955 273 2011 αθ.
290 1954 411 2013 Addicit
423 1968 477 2011 eos
492 1952 644 2027 supplicio
657 1962 753 2023 rotae,
774 1968 842 2025 quae
854 1953 1010 2011 nominari
1023 1951 1125 2010 fornix

173 2033 274 2098 potest
292 2027 332 2083 nb
351 2026 499 2084 canthum
520 2045 529 2085 a
547 2027 574 2084 is
590 2028 676 2087 enim
693 2028 791 2084 instar
810 2026 936 2085 fornicis
954 2032 1126 2083 exuomam

173 2105 250 2156 rotae
261 2098 445 2158 curvitatem
461 2099 572 2157 circuit
584 2107 615 2157 et
627 2098 872 2171 comprehendit
1087 2114 1091 2121 ·

210 2172 330 2230 luobus
348 2172 446 2228 lnauti
467 2180 536 2229 sunt
558 2172 664 2228 arietes
686 2173 791 2230 caium.
824 2173 874 2228 l’s.
902 2182 979 2231 thv
1005 2171 1048 2235 tl.
1071 2171 1130 2226 Fa·

173 2242 243 2300 cilis
256 2253 305 2302 est
319 2252 351 2302 et
361 2245 510 2303 naturalis
525 2257 635 2301 eorum
651 2258 762 2302 sensus
779 2285 788 2312 ,
814 2243 868 2315 qui
885 2245 997 2299 arietes
1009 2240 1131 2299 landari

173 2324 283 2386 putant
303 2331 319 2372 a
338 2316 448 2373 villoso
467 2331 502 2374 ac
516 2316 613 2372 denso
625 2315 759 2383 vellere,
780 2315 859 2371 bene
870 2317 998 2372 vestitos
1011 2322 1043 2369 et
1057 2327 1130 2369 mu-

175 2388 267 2444 nitos.
298 2387 360 2443 sed
381 2387 526 2445 hebraica
548 2386 797 2457 explanationem
818 2388 912 2441 istam
937 2382 1129 2454 repudiant:

173 2458 207 2516 in
226 2458 338 2527 quibus
356 2472 429 2515 cnm
447 2458 530 2514 idem
546 2457 733 2514 vocabulum
752 2456 863 2513 arietes
881 2462 913 2511 et
928 2468 1054 2525 campos
1074 2470 1131 2512 sen

174 2541 290 2600 pascua
302 2528 473 2597 significet,
494 2530 646 2584 sententia
659 2527 726 2584 haec
739 2537 787 2585 est
803 2543 811 2583 t
826 2526 936 2582 arietes
950 2525 1044 2584 cincti
1058 2534 1132 2582 sunt

175 2599 304 2669 copioso
331 2612 447 2669 grege3
474 2612 588 2669 pascua
610 2600 785 2656 vestiuntur
809 2597 961 2667 gregibus.
975 2666 978 2671 Ι
992 2598 1131 2664 Quorum

175 2678 344 2799 utrumque
362 2671 482 2741 pecoris
503 2669 723 2729 abundantiam
742 2678 773 2728 et
788 2670 919 2730 arietum
940 2668 1132 2727 fertilitatem

199 2756 241 2799 rte
262 2743 333 2800 icat.
656 2781 662 2792 ·

175 2756 319 2874 planus.
345 2815 433 2874 indae
450 2814 627 2873 blachabaeo
649 2822 815 2882 narratur,
844 2814 998 2874 ademisse
1017 2817 1133 2872 itoma-

178 2900 236 2947 nos
256 2888 407 2947 Antiocho
430 2891 542 2959 Magno
559 2888 709 2958 regionem
727 2890 887 2954 indorum,
912 2897 941 2944 et
962 2888 1078 2955 liedes,
1104 2896 1135 2945 et

178 2962 293 3047 Lydos,
317 2962 352 3017 de
371 2961 485 3033 optimis
499 2961 689 3032 regionibus,
712 2974 827 3033 easque
846 2959 912 3028 regi
928 2959 1058 3017 Eumeni
1074 2958 1135 3015 lar·

179 3043 258 3104 grtes
277 3046 356 3090 esse.
380 3035 405 3091 l.
429 3033 526 3091 tinch.
552 3035 658 3090 vt118.
682 3033 786 3092 Livius
805 3034 909 3090 autem
928 3033 948 3089 l.
970 3034 1004 3085 58
1023 3044 1134 3103 pacem

181 3106 224 3164 ait
241 3106 393 3164 Antiocho
411 3106 514 3164 datam
531 3120 567 3162 ea
590 3106 681 3178 lego',
707 3114 742 3163 ut
759 3105 846 3164 omni
863 3104 916 3162 illa
934 3105 1061 3175 regione
1080 3119 1135 3161 ex-

179 3177 328 3247 cederet,
354 3193 423 3249 quae
444 3178 490 3236 cis
514 3179 655 3235 Taurum
677 3187 819 3236 montem
843 3192 859 3233 a
882 3178 1036 3244 Tanaim,
1062 3183 1093 3232 et
1116 3190 1133 3232 a

181 3250 278 3307 'lauri
296 3249 376 3308 valle
396 3249 434 3305 atl
455 3250 526 3320 juga
543 3249 704 3321 Lycaoniae
724 3249 866 3322 proxima
890 3251 1045 3318 peronem
1073 3250 1134 3303 liu-

179 3322 268 3379 meni
290 3321 327 3379 ah
345 3321 493 3380 liontanis
514 3321 662 3378 tributam
685 3321 719 3378 in
741 3325 862 3391 Europa
883 3320 1132 3385 Glrersonesum,

170 3400 214 3448 :et
226 3392 454 3464 Lysimachiam
468 3435 477 3461 ,
491 3401 689 3464 caeteraque,
710 3394 821 3466 quibus
835 3392 947 3450 sinibus
964 3391 1134 3450 Antiochus

180 3464 352 3531 tenuissem
366 3466 398 3520 in
409 3465 653 3538 dsiaPhrygiam
667 3472 849 3537 utramque,
865 3464 992 3521 alteram
1007 3465 1045 3521 ad
1063 3460 1136 3517 llel-

180 3530 228 3586 les
251 3542 361 3591 ontum
372 3576 381 3603 ,
394 3537 545 3606 majorem
558 3538 688 3595 alteram
698 3556 707 3605 3
719 3547 751 3594 et
763 3536 912 3609 Mysiam,
928 3535 1133 3608 Lycaoniam,

182 3549 373 3672 uyitauem,
400 3623 436 3664 ac
457 3610 592 3680 Lydiam.
618 3610 704 3668 Untlo
721 3608 913 3675 conficiunt,
939 3609 991 3678 qui
1010 3604 1136 3663 blacha-

183 3668 322 3728 baeorum
349 3675 443 3733 libros
465 3689 668 3750 oppugnant,
696 3679 860 3737 insanabili
890 3679 1017 3735 vulnere
1042 3675 1136 3732 affec-

183 3743 252 3796 tum
272 3740 357 3801 bunc
373 3745 478 3805 locum
496 3765 587 3821 esse,
609 3753 643 3809 in
661 3764 723 3824 quo
737 3749 802 3813 sola
819 3749 913 3823 Lydia
932 3754 1016 3807 recte
1035 3746 1136 3806 nomi·
