2475 4034
159 120 229 219 276
412 122 530 192 Nnno.
542 168 561 180 -
580 121 823 194 Nrorteoatx.

194 243 293 299 Nono.
312 238 513 298 ornatissime
524 239 643 315 dietam
660 242 829 318 spartam
839 241 963 302 ardwit
978 245 1107 319 appear.

157 317 197 370 ts.
217 325 287 371 ιιιι
298 314 325 369 o.
340 312 443 384 clypei
460 326 569 370 omnes
588 328 628 371 ex
645 314 892 386 armamentariis
910 316 991 389 rapti
1010 327 1108 390 sunt.

156 393 189 442 ot
204 384 265 450 bno
278 383 551 456 adflierosolymae*
562 383 757 443 obsidionem
771 386 863 444 allati.

193 457 225 524 2)
246 457 398 525 Nudatum
411 464 512 527 caput
521 490 522 493 =
532 457 698 515 satiabitur
714 457 760 515 ira
772 473 864 527 mea,
886 458 986 532 inquit
1000 460 1112 520 bomi-

156 542 238 595 nos,
258 528 293 584 ae
304 543 410 584 cruore
424 529 585 585 occoorom
593 569 604 599 ,
625 538 653 586 et
665 530 700 586 de
710 530 878 602 captivitate
896 533 1001 589 ιιιιιίιιιι·
1012 533 1109 590 inimi·

156 615 259 656 coram
270 601 382 672 capitis.
396 602 485 658 Dent.
500 612 593 659 xxxii
604 603 650 663 ira.
662 602 862 675 captivorum
872 604 958 671 enim
969 603 1114 665 boatium¹

156 672 255 742 capita
275 672 470 730 radebantur.
486 674 562 731 Vide
580 673 746 732 calvitium.
1089 724 1092 733 2

191 746 297 802 tinum.
325 749 448 816 illigas,
478 745 568 817 qaia
592 747 655 817 lege
674 746 881 814 recesserant,
912 746 1115 820 congregabo.

157 815 249 885 soph.
274 825 313 873 ιιι
334 817 376 874 ι8.
396 816 540 874 homines
557 816 671 886 nauci,
695 817 789 877 leves.
863 853 881 895 ¹.
1170 833 1173 837 ’

191 889 338 947 Numano.
357 891 392 944 in
404 887 563 946 obsidione
575 890 674 947 doows
685 890 847 948 Jerusalem
858 892 1044 948 numerastis.
1063 892 1107 950 is.

156 970 236 1017 ιιιι.
257 979 299 1017 ιο.
316 960 366 1018 vel
379 959 549 1018 adlabores
563 960 723 1034 aequaliter
733 962 929 1048 partiendos,
939 963 990 1023 vel
1003 963 1043 1022 ad
1055 979 1109 1023 ιιιὸ

154 1046 270 1089 ironam
282 1041 314 1090 el
326 1046 438 1105 aquam
453 1032 487 1089 in
502 1033 640 1103 singutas
658 1034 910 1093 distribuendam.

191 1106 351 1163 Numanus.
366 1103 490 1173 Hostis,
509 1104 609 1177 inquit
625 1105 744 1177 captiva
758 1105 993 1177 Hierosolyma,
1017 1107 1111 1181 fregit

154 1176 195 1230 od
205 1188 359 1234 nummum
370 1178 573 1246 deutereseos,
590 1178 694 1235 cibavit
706 1179 862 1234 mecioere.
879 1178 993 1236 Thren.
1008 1189 1048 1235 ιιι
1064 1181 1107 1237 ι6.

155 1244 274 1306 cibavit
292 1264 345 1308 me
361 1263 464 1321 pane,
487 1249 538 1306 cni
559 1249 638 1306 einis
651 1258 682 1307 et
697 1264 791 1308 arena
810 1249 964 1308 calculoso
983 1251 1108 1310 inooota

155 1327 251 1376 eraut.
273 1323 437 1392 drepana
455 1320 573 1379 sensim
596 1323 703 1380 dentes
725 1318 803 1379 mibi
825 1320 1002 1392 singulatim
1018 1324 1109 1384 fracti

156 1398 235 1447 sunt.
255 1390 395 1450 Talisest
407 1395 495 1448 Prov.
511 1404 554 1449 xx
564 1412 597 1463 ¹7
608 1395 691 1464 ponis
702 1393 846 1450 mendacii
859 1409 867 1452 a
880 1408 954 1451 nam
965 1386 1109 1454 hebraice

154 1461 242 1519 idem*
260 1472 309 1521 est
324 1463 535 1532 vocabulum,
561 1465 644 1537 qnod
663 1465 868 1537 Hieronymus
887 1464 931 1523 ibi
953 1466 1110 1529 transtulit

155 1535 288 1603 cabulo,
308 1535 340 1592 in
360 1534 493 1601 'threnis
506 1535 559 1593 bio
576 1538 615 1593 od
632 1553 795 1594 nommant.
813 1536 923 1611 Fuisse
941 1537 1001 1596 boc
1018 1538 1108 1611 panis

155 1621 252 1678 genus
278 1608 411 1679 antiquis
436 1614 571 1675 notum,
596 1608 746 1666 discimus
771 1624 811 1666 ex
833 1608 919 1669 Fabii
943 1610 1108 1670 Verrucosi

155 1679 259 1748 dicto,
278 1680 332 1752 qui
351 1680 517 1750 amiciam
533 1681 570 1736 ab
582 1681 695 1737 bomine
712 1681 787 1736 doro
799 1697 899 1755 aspere
910 1682 1035 1750 dotata,
1052 1698 1109 1754 pa·

155 1767 222 1807 nem
233 1753 394 1824 lapidosam
404 1753 549 1820 rorabat,
568 1770 653 1826 quem
669 1753 809 1810 esurienti
828 1754 957 1826 accipere
974 1761 1109 1823 neeessa4

154 1825 233 1888 riom
245 1826 306 1894 sit,
328 1841 389 1882 asse
403 1826 549 1882 arabum.
568 1825 726 1884 senseat
744 1828 770 1882 i.
784 1825 824 1882 de
839 1827 972 1883 beneito.
991 1841 1019 1883 c..
1041 1823 1082 1896 7.'
1104 1880 1107 1885 ,

190 1897 225 1964 2)
240 1899 392 1954 Numerus
406 1897 536 1954 dierum.
558 1898 625 1955 Vita
641 1897 699 1954 oiri
708 1898 739 1953 ia
755 1912 876 1954 nrrmero
891 1898 1003 1954 dieram
1018 1914 1030 1953 .·
1048 1900 1107 1957 alies

154 1977 253 2025 aalma
270 1971 362 2025 israel
382 1969 603 2027 innumerabiles
625 1980 702 2026 sont.
724 1969 817 2029 Eccli.
839 1981 952 2029 xxxvl!
971 1972 1015 2026 28.
1038 1970 1108 2028 Uni·

155 2040 268 2113 cuique
280 2049 429 2101 statutum
441 2050 489 2099 est
501 2041 571 2098 vitae
586 2042 739 2113 spatium,
755 2041 884 2098 minime
897 2043 1023 2114 quidem
1037 2042 1108 2100 diu·

155 2120 282 2170 turnum
307 2129 329 2181 a,
344 2121 374 2173 at
398 2112 572 2184 respublica
593 2113 820 2174 nonmoritur.
846 2117 912 2189 imo
941 2121 971 2170 et
993 2113 1107 2185 singuli

155 2184 269 2257 quique
292 2186 332 2243 ob
356 2185 452 2249 vitam
485 2184 633 2255 praeclare
663 2192 764 2244 actam
793 2194 908 2243 nomen
930 2186 1106 2245 immortale

155 2256 368 2328 adipiscuntur
380 2272 389 2314 a
401 2265 431 2314 et
442 2271 546 2313 nomen
557 2257 633 2314 illias
646 2257 702 2316 erit
713 2257 809 2316 vireas
822 2258 853 2314 io
864 2265 1014 2315 elerum.
1028 2257 1104 2317 ibid.

155 2343 183 2383 v·
200 2343 245 2400 sq·
622 2350 626 2357 ¹

190 2402 344 2469 dononio.
365 2400 517 2461 Partisnia
535 2400 623 2472 base,
644 2399 746 2462 sicubi
757 2411 810 2462 est
825 2401 1007 2472 obsonator,
1030 2412 1103 2462 oum

155 2481 303 2541 sequente
318 2474 529 2542 interrogandi
541 2474 629 2543 signo
641 2475 807 2546 commodo
819 2474 948 2535 solvitur
965 2489 1022 2547 per
1032 2482 1105 2534 nos*

155 2550 238 2600 trum
254 2544 352 2616 utique
367 2544 482 2614 absque
496 2545 746 2616 interrogatione.
767 2549 875 2605 Utrum
896 2548 1048 2616 affirmet,
1066 2560 1106 2605 ati

153 2621 268 2685 neget,
297 2629 334 2673 ex
357 2614 425 2689 ipsa
448 2616 605 2673 sententiae
624 2619 800 2676 coatditione
818 2618 1021 2688 spectandum
1045 2623 1100 2677 est.

153 2686 289 2759 Nueaudi
302 2688 445 2753 irascitur¹
453 2703 505 2759 per
516 2689 645 2758 singulos
663 2691 748 2746 diesi
767 2694 816 2750 Ps.
832 2700 880 2747 vit
899 2704 940 2747 ιι.
953 2689 1106 2762 imperitis

150 2759 276 2819 ridetur
286 2760 385 2819 David
394 2759 642 2819 misericordiam
654 2762 710 2819 bei
721 2762 868 2831 laudare.
888 2761 1011 2835 quinon
1024 2763 1106 2821 iras·

154 2839 244 2891 calna
257 2833 413 2905 qnotidie,
430 2833 515 2904 atqui
527 2834 725 2893 commendat
736 2833 906 2907 justitiam,
920 2847 987 2904 quae
999 2833 1106 2916 utique

155 2905 266 2965 eoeleri
287 2904 424 2978 quotidie
436 2920 499 2971 ,seu
519 2912 582 2963 tota
596 2907 647 2963 die
667 2907 871 2976 indignatur:
891 2918 999 2963 sensus
1019 2917 1104 2961 enim

154 2983 220 3045 ost,
239 2983 273 3034 ut
287 2977 366 3039 bene
381 2985 617 3049 repraesentatur
633 2979 665 3036 in
678 2981 815 3055 Tanaum
829 2974 1012 3035 chaldaico:
1031 2977 1106 3032 irot-

154 3049 234 3109 attur,
251 3049 387 3121 adrasto
403 3051 503 3122 impios
520 3058 583 3117 τρια
600 3051 653 3106 die.
678 3051 729 3108 Sic
743 3057 774 3107 et
790 3050 935 3108 babarus
950 3050 1104 3115 affirmat,

154 3135 218 3179 uon
237 3128 347 3192 negat,
372 3137 446 3180 enm
462 3121 537 3179 dicit
556 3139 564 3179 a
584 3123 717 3190 Nnaqatd
734 3121 945 3194 infirmoribus
966 3120 1060 3177 iratos
1078 3135 1107 3179 es

148 3193 301 3253 Domine?
322 3202 375 3253 ottt
387 3195 417 3249 io
436 3193 600 3266 {luminibus
619 3195 706 3265 soror
723 3196 818 3250 tuost>
836 3196 880 3250 vel
897 3194 927 3251 itt
940 3194 1018 3249 anari
1033 3192 1106 3248 iodi-

154 3266 259 3333 gaetio
271 3266 349 3322 tao?
363 3266 438 3322 liab.
454 3277 494 3321 ιιι
506 3266 532 3320 8.
546 3268 629 3322 iram
645 3279 733 3322 snam
747 3265 989 3341 omnipotentem
1003 3271 1107 3321 osten·

143 3339 201 3395 -dit
215 3338 321 3409 utique
340 3339 423 3395 Dens
444 3344 549 3395 eontra
565 3336 671 3464 possuli
690 3337 738 3394 sui
757 3337 862 3422 hostes
880 3334 914 3394 i'n
934 3334 1105 3422 dividendis

155 3410 283 3466 domine
293 3409 428 3466 iordane
439 3417 470 3465 et
480 3408 608 3464 torrenti
630 3423 667 3467 us
679 3411 805 3477 Arnon,
818 3422 929 3467 tmoan
942 3421 1010 3479 apso
1025 3421 1105 3464 marr

154 3480 259 3538 rubro.
274 3481 318 3537 lte
328 3482 377 3537 Ps.
392 3491 512 3537 ιιιιιιι
526 3479 701 3537 tadmonui
716 3478 860 3538 suoioco.
875 3478 953 3537 Vide
964 3484 1064 3536 tiemo.
1077 3495 1103 3533 ι.

190 3554 414 3613 Nasamonas.
438 3552 600 3618 Graecum,
620 3564 733 3621 'corvus
753 3557 934 3608 nocturnus.
956 3552 1005 3607 Ps.
1031 3560 1064 3607 ct
1078 3569 1103 3618 7·

156 3618 215 3672 Alii
234 3620 427 3679 axbebraioo
445 3629 609 3692 noctuam,
631 3618 683 3679 alii
695 3620 872 3691 bubonem,
894 3619 990 3692 about
1001 3629 1033 3703 et
1050 3620 1105 3678 tal-
