2475 4034
391 117 593 185 ‹Vnnmis
632 118 828 187 visuras.
1004 116 1084 213 397

170 232 347 290 vastatas.
363 234 480 303 Regina
490 232 530 291 ad
542 231 648 304 sponsi
661 232 819 292 dexteram
827 231 1086 295 adstatinaesettu

132 302 296 371 uenturam,
308 305 652 361 circumducanturietate.
669 308 718 361 Ps.
732 315 808 362 xttv
821 323 863 372 ra.
881 320 957 363 auro
968 309 1085 377 optimu

133 388 172 432 ac
188 376 354 446 purissimo
375 379 384 446 (
404 385 452 452 est
468 376 554 434 enim
570 376 718 434 hebraice
735 390 848 434 aurum
863 391 902 433 ex
918 378 1034 451 Ophir)
1055 388 1087 437 et

60 456 86 520 ,⁰
128 446 221 505 -omai
232 455 488 507 ornamentorum
500 462 614 517 genere
626 447 765 505 illustris.
997 487 999 492 ⁴

171 519 287 578 vtato.
311 522 473 576 contracta
496 527 540 576 est
559 518 660 576 maimo
675 533 744 577 ntea
760 519 790 574 in
807 519 848 574 eis
868 536 879 573 .·
899 519 1038 592 siquidem
1057 533 1087 579 et

127 589 235 648 ,anima
246 605 346 650 aarum
357 592 488 650 vartonu-
497 590 528 647 in
539 606 593 647 me.
605 590 697 652 zach.
712 601 748 648 tu
760 590 787 647 8.
802 591 904 661 Piguit
915 606 966 648 me
981 595 1087 663 populi

130 661 248 747 hujus,
268 659 517 736 quandoquidem
531 670 563 719 et
576 663 682 733 ipsum
698 662 796 733 piguit
807 662 880 720 mei.
901 662 1086 723 Chaldaice:

133 747 237 791 anima
248 748 357 792 eorum
371 736 518 793 detestata
531 740 579 793 est
591 733 710 791 cultum
722 745 838 791 meum.
856 736 969 793 ln-mei
981 736 1086 794 lacum

134 805 291 862 substituit
307 807 448 863 vitulum.
887 847 890 852 ,

169 879 244 935 Vns.
264 877 401 940 Hebraeis
414 892 508 936 omne
523 877 766 934 instrumentum
780 876 893 936 dieitur
903 880 976 936 vas.
994 882 1087 937 Unus·

133 950 252 1021 ortisque
266 965 317 1006 aas
329 950 537 1020 intersectionis
555 950 638 1005 tiabat
650 949 681 1005 in
698 964 790 1005 manu
807 965 863 1006 suo
874 979 889 992 ·
899 980 915 992 -
927 980 943 991 -
955 980 972 992 ·
986 952 1087 1007 unius·

133 1020 276 1093 euJ'usque
292 1037 342 1077 aas
361 1022 497 1078 interitus
522 1021 554 1076 in
572 1036 664 1076 mauu
685 1020 763 1090 ejus;
787 1021 808 1077 i.
825 1036 853 1078 e.
885 1020 980 1078 telum
996 1064 1006 1090 ‚
1025 1037 1087 1094 quo

133 1094 275 1162 perimat.
297 1096 345 1149 Eu.
361 1104 395 1150 tx
415 1111 426 1147 1
443 1108 487 1165 sq.
510 1093 709 1152 constituebat
722 1106 792 1159 eas,
811 1090 928 1160 urbes,
951 1102 983 1149 ut
995 1104 1087 1150 essent

133 1178 205 1220 vasa
216 1164 385 1220 munitionis
393 1204 404 1233 ,
425 1165 446 1224 i.
460 1180 488 1222 e.
502 1165 703 1222 [nutrimenta.
719 1164 746 1221 l.
760 1163 859 1220 lldaeb.
878 1175 935 1221 xiv
951 1183 991 1221 io.
1012 1170 1087 1223 Vasa

132 1236 255 1304 naortis,
270 1236 419 1294 lethiferae
433 1237 489 1293 Del
502 1238 629 1306 sagina.
656 1238 706 1292 Ps.
724 1245 772 1292 vlt
794 1237 834 1300 rt.
858 1237 1018 1306 confitebor
1036 1238 1088 1294 tibi

77 1316 80 1322 ·
133 1306 250 1365 invasis
266 1309 533 1381 psalmioeritatem
551 1318 642 1364 taam.
661 1310 711 1363 Ps.
731 1317 795 1364 Lxx
808 1323 851 1362 aa.
870 1308 956 1364 vario
971 1308 1087 1366 instru-

132 1388 239 1438 mento
259 1381 380 1437 musico
399 1395 469 1440 eam
488 1375 631 1437 laudabo.
653 1379 783 1435 invasis
804 1378 912 1435 cantici
931 1380 1030 1436 David.
1055 1384 1083 1437 2.

133 1451 220 1507 lisdn
236 1463 283 1510 tur
293 1453 341 1514 55.
356 1449 543 1524 supellectili
556 1449 675 1507 musica
685 1450 717 1506 in
726 1449 883 1508 Daridicis
896 1451 1085 1510 carminibus

131 1521 252 1580 usitata.
274 1527 349 1581 Vasa
367 1522 648 1592 transmigrationis.
668 1524 731 1578 der.
751 1529 829 1578 xuvt
850 1539 892 1591 ¹9·
913 1525 1085 1593 Apparatus

124 1593 305 1662 alumnus,
321 1594 517 1652 necessarius
527 1592 685 1664 exulatum
698 1591 889 1658 abeuntibus.
907 1597 962 1651 Vas
972 1596 1087 1651 eiectio-

124 1666 198 1732 ,nis,
212 1666 334 1724 Paulas.
349 1669 415 1724 Aet.
431 1675 465 1723 ut
481 1663 957 1735 15.1.ectissimumprolerendae
969 1666 1086 1723 hirinae

133 1737 239 1810 gloriae
255 1738 508 1796 instrumentum.
921 1787 926 1798 .

168 1811 209 1877 α)
231 1811 312 1867 vasa
333 1823 391 1882 pre
409 1808 554 1867 humanis
575 1808 768 1880 corporibus.
793 1807 874 1865 Sciat
891 1808 1087 1881 ,unuquisque

131 1882 261 1937 uestrum
276 1895 327 1939 aas
342 1895 428 1937 suum
441 1880 587 1951 possiam
602 1881 634 1936 in
651 1880 901 1950 sanctificatione,
923 1890 952 1937 et
966 1882 1083 1937 bonore.

131 1951 160 2007 1.
181 1952 290 2010 Thess.
316 1962 351 2011 tv
372 1954 399 2016 a.
421 1956 550 2009 Fuerant
565 1967 638 2009 uasa
657 1965 815 2023 puerorum
835 1959 939 2009 saneta
951 1991 974 2021 ‚-
986 1951 1088 2024 inquit

25 2043 30 2052 ·
124 2022 232 2081 »Dauid
244 2038 253 2081 a
267 2022 456 2082 ramulorum
464 2060 476 2092 ,
489 2023 542 2096 qui
553 2037 605 2090 me
618 2031 811 2096 sequuntur,
827 2036 958 2096 corpora
969 2024 1086 2082 munda

125 2101 230 2160 .suut;
251 2100 283 2151 et
302 2094 386 2151 addit
407 2110 416 2151 τ
436 2111 526 2166 parra
542 2094 590 2154 aia
609 2095 669 2152 bae
685 2096 797 2167 polluta
816 2103 883 2162 est,
909 2097 960 2152 aad
977 2105 1006 2153 et
1023 2096 1085 2181 ipsa

132 2153 455 2238 badiesnaatifleabitur
467 2168 498 2222 in
513 2167 607 2234 vasis,·
624 2166 646 2226 i.
666 2180 694 2224 e.
715 2165 885 2238 expiabitur
891 2165 1086 2225 immunditia

132 2235 261 2367 {eulalia}
280 2249 377 2362 aaa?
391 2251 522 2312 corpora
535 2245 642 2296 nostra
660 2252 699 2295 ex
715 2238 776 2296 bac
792 2238 840 2296 ria
853 2244 1083 2316 contraxerunt.

153 2347 162 2365 Ι
203 2324 221 2366 e
242 2348 251 2366 Ι
265 2320 323 2367 xm
354 2348 363 2366 0

130 2415 133 2420 ,
169 2379 207 2449 3)
222 2323 308 2440 gtissa
329 2380 491 2457 iniquitmis
509 2381 656 2458 bellantia.
682 2384 757 2439 Gen.
785 2393 861 2438 xutx
886 2382 912 2440 5.
935 2379 1087 2439 llebralee

124 2449 249 2523 ,legitur
267 2468 276 2510 a
294 2455 374 2512 Vasa
392 2453 562 2525 iniqnitatis
583 2451 677 2524 gladii
693 2467 812 2512 eorum.
834 2453 987 2510 simeonis
1004 2452 1087 2510 ride·

121 2522 205 2582 lieet
217 2525 359 2592 acheri,
373 2525 428 2598 qui
440 2524 618 2584 sichimitas
631 2523 743 2584 armati
754 2528 862 2582 eontra
874 2525 923 2597 jns
932 2532 965 2583 et
973 2525 1020 2582 las
1032 2537 1087 2598 ep·

130 2604 321 2671 presserunt.
343 2600 419 2655 tren.
438 2608 539 2655 xxxta
553 2598 586 2650 25
602 2610 670 2667 sqq.
1040 2651 1042 2656 .

167 2668 208 2733 tt
223 2672 278 2726 Vas
289 2679 481 2737 castrorum,
496 2668 581 2728 luna.
600 2666 695 2725 liceli.
717 2677 838 2737 xt1119.
860 2671 946 2725 Luna
959 2674 1010 2724 est
1022 2666 1087 2725 ins·

131 2744 324 2798 trumentum
335 2749 485 2812 praeiens
498 2740 531 2798 iu
550 2737 755 2806 Detentus,
780 2755 835 2796 seu
853 2739 886 2794 iu
898 2738 1013 2796 militia·
1024 2751 1094 2795 eoeae

132 2808 204 2866 lesti
222 2825 230 2866 a
249 2809 295 2869 sic
312 2812 399 2870 enim
419 2811 523 2870 stellas
543 2811 672 2868 Divinus
691 2811 795 2868 (lodex
813 2809 953 2881 appellat.
976 2808 1029 2876 si,
1052 2816 1088 2866 ut

132 2880 399 2952 undamentum,
422 2882 517 2940 stellae
535 2883 611 2954 ipsae
627 2881 898 2952 significarentur,
921 2893 984 2937 non
1002 2880 1087 2958 dieef

132 2959 219 3011 retur
231 2968 305 3022 aas,
328 2956 383 3013 sed
393 2954 539 3013 hebraico
557 2967 646 3012 more
660 2969 733 3009 oasa
750 2962 926 3011 castrorum.

168 3024 207 3094 5)
225 3026 306 3084 Vasa
324 3025 455 3088 virtutis.
478 3027 737 3093 coronantem,
757 3028 840 3081 Deus
855 3026 1031 3089 Aaronem,
1055 3020 1086 3090 in

130 3097 208 3153 uasis
224 3097 352 3156 uirtutis.
377 3098 470 3156 ticeli.
495 3109 559 3157 xcv
576 3117 602 3168 9·
628 3096 839 3154 Circumdedit
857 3109 930 3152 eum
951 3094 1087 3151 vestibus

132 3175 315 3240 potestatem
327 3169 518 3243 pontificiam
530 3169 770 3228 declarantibus.
1000 3236 1007 3249 ι

168 3240 206 3311 6)
225 3244 305 3300 Vasa
326 3243 444 3316 papyri.
465 3243 552 3299 Mittit
565 3242 596 3298 in
609 3256 692 3298 neure
705 3242 837 3311 legatos,
856 3248 884 3296 et
899 3239 929 3295 in
944 3251 1020 3294 vasis
1035 3251 1087 3308 pa·

128 3312 199 3383 pyri
212 3327 298 3385 supe
317 3330 420 3387 aquas.
444 3316 483 3371 ls.
505 3323 590 3371 xvur
610 3330 637 3368 a.
656 3311 847 3369 probabilius
862 3323 966 3367 sermo
986 3316 1034 3364 est
1048 3309 1087 3365 de

79 3413 86 3424 ·
132 3383 305 3456 AEthiopia,
323 3395 360 3443 ut
376 3384 488 3444 monui
498 3388 572 3443 voe.
590 3384 769 3456 cymbatum.
785 3382 878 3439 Mittit
890 3381 957 3437 haec
972 3378 1086 3449 legatos

132 3454 167 3510 in
181 3456 312 3515 navibus
330 3457 460 3524 iunceis.
487 3468 552 3514 unx
572 3457 690 3513 habent
713 3454 858 3526 epistolas
877 3464 1087 3524 papyraceas3

133 3539 211 3597 quus
226 3527 377 3586 nimirum
394 3527 487 3599 legati
500 3528 654 3585 deterunt.
1020 3590 1026 3605 .
1070 3575 1073 3582 .

170 3598 345 3658 Vnsrtrss.
366 3599 512 3657 israelitis
528 3600 636 3668 lugam
649 3598 682 3652 in
696 3599 857 3668 AEgyptnm
870 3592 1087 3651 meditantibus

133 3669 290 3744 propheta.
301 3671 462 3732 ennuntiat
480 3686 490 3730 z
510 3670 586 3743 Quia
597 3668 709 3742 [nutis
734 3669 764 3724 iu
783 3668 828 3724 dte
847 3666 984 3734 sotenut,.
996 3665 1026 3722 tn
1043 3663 1089 3720 ute
