2475 4034
187 155 257 229 368
426 148 598 217 Sanctum.
648 147 899 214 &tautae-ros,

181 304 186 321 ,
221 272 257 340 6)
271 265 438 327 mutiani
450 263 586 336 spiritus.
598 265 762 333 Postquam
774 260 907 318 Chaldaei
919 263 1092 334 praeclaris
1109 266 1167 325 tor

154 392 157 397 .
183 341 321 402 victoriis
329 338 416 411 potiti
424 336 554 404 luerint,
566 345 637 392 tanc
650 335 813 390 mutabitur
823 334 957 402 spiritns,
966 344 996 391 et
1004 344 1165 407 perta-aa.

183 416 267 481 sibit,
281 423 307 469 et
319 419 457 468 corruat:
469 411 528 464 laec
539 417 582 463 est
593 408 737 478 fortitudo
750 408 811 477 ejas
825 407 869 461 dei
888 407 942 461 sai.
965 409 1049 464 Hah.
1073 421 1087 465 1
1115 428 1162 467 n.

184 478 1166 548 Tuncmutabituretreflabitliiclortuuaeventus:pertransibit

184 568 215 618 et
224 564 350 617 corruet
358 553 487 612 felicitas
501 551 552 609 illa
566 550 894 617 Nabuchodonosoris‚
909 565 981 607 cum
998 567 1071 609 non
1089 554 1163 611 nisi

185 632 267 690 illius
281 640 312 687 et
330 641 425 697 nepos
445 626 511 694 ejus
530 623 687 692 regnaturi
707 623 775 678 sint.
801 625 874 679 Haec
892 631 940 679 est
949 646 961 690 v,
982 625 1163 683 exclamat

183 720 240 777 per
254 701 354 758 ironia
368 715 386 753 n
399 740 407 764 ‚
421 698 487 754 haee
501 704 547 753 est
559 696 693 766 potentia
706 694 773 750 falsi
788 693 881 763 hujus
896 695 945 750 dei
959 695 1136 754 Chaldaici
1150 697 1160 755 l

220 776 259 842 7)
282 773 431 842 Spiritum
452 769 638 840 peperimus.
662 768 870 836 concepimus,
890 776 918 822 at
937 768 1021 838 quasi
1038 780 1161 838 parta·

184 848 327 911 ricimer,
348 853 377 901 et
397 843 557 914 peperimus
576 841 711 913 spiritam
729 855 740 892 .·
761 841 868 895 solutes
887 855 946 895 noa
971 841 1101 910 serimus
1125 844 1160 899 itt

184 929 266 977 terra
276 959 285 986 ,
296 918 359 973 ideo
371 915 534 972 cetimum
546 914 723 968 habitatores
734 920 829 967 tarro.
843 914 882 967 ls.
895 923 972 968 xxvi
991 913 1030 968 18.
1048 916 1158 984 Pepe-

183 992 282 1050 rimus
300 997 448 1054 rentum,
468 986 613 1057 inquiunt
627 984 720 1055 aliqui
732 1002 741 1049 ;
758 984 919 1053 ingeniose
933 998 1010 1040 sane
1024 1000 1032 1040 ε
1048 994 1084 1042 et
1097 1002 1157 1044 ac-

185 1064 331 1121 cederem
347 1061 432 1130 ipse,
453 1059 513 1114 nisi
533 1069 658 1114 mecxx
677 1056 892 1124 retraherent,
918 1057 971 1126 qui
988 1057 1156 1127 ambigui-

183 1143 279 1193 tatem
291 1132 433 1192 vocabuli
446 1130 580 1187 hebraici
595 1129 736 1196 solvunt,
757 1143 875 1198 suaque
884 1130 1154 1198 interpretatione

186 1209 316 1272 docent,
341 1219 409 1276 quac
423 1204 460 1259 de
477 1202 568 1273 hujus
590 1200 651 1258 loci
669 1215 761 1256 sensu
776 1201 900 1257 traditio
919 1201 1061 1258 ecelesiae
1081 1206 1154 1260 blo·

186 1279 277 1337 saicre
290 1277 390 1334 luerit
405 1277 456 1331 Sic
470 1283 573 1331 autem
586 1281 710 1331 vertunt
724 1272 919 1343 :peperimus
933 1273 1080 1342 spiritum
1095 1290 1152 1331 sa-

184 1351 257 1408 lutis
271 1358 340 1405 tuae.
358 1348 404 1403 Fit
419 1360 494 1417 ergo
513 1347 579 1403 baec
594 1346 744 1402 sententia
765 1354 773 1401 ἐ
791 1345 998 1414 concepimus
1013 1347 1150 1428 quidem

183 1425 264 1481 bona
280 1420 435 1490 proposita
448 1460 457 1485 ‚
476 1434 575 1488 eaque
588 1459 596 1484 ‚
617 1425 688 1488 post
700 1425 854 1473 maturam
867 1417 1148 1486 deliberationem,

161 1555 168 1561 ,
183 1493 239 1553 tibi
258 1491 447 1551 obtulimus,
465 1505 487 1547 o
508 1493 591 1547 Deus
611 1489 718 1546 salutis
738 1497 869 1546 auctor:
888 1490 942 1546 sed
960 1490 1032 1560 quia
1050 1492 1090 1546 in
1106 1491 1149 1559 iis

185 1562 389 1636 exsequendis
415 1561 588 1618 constantia
610 1561 731 1627 deluit,
762 1560 928 1631 plenam-a
951 1569 981 1618 te
1008 1562 1146 1621 salutem

185 1636 343 1699 consecuti
368 1634 507 1690 nondum
529 1648 670 1698 sumus,
702 1647 804 1703 neque
827 1633 959 1704 dejicere
981 1635 1145 1705 potuimus

185 1712 306 1776 hostes,
321 1707 359 1764 do
369 1707 517 1778 quibust.
534 1706 574 1762 ιδ.
589 1706 856 1776 :possederuntnos
866 1707 976 1761 domini
986 1710 1145 1778 absqoete.

223 1786 380 1841 Seuerou.
416 1778 519 1849 Spolia
546 1791 604 1848 pro
630 1777 717 1834 bonis
742 1777 899 1845 lonunae,
932 1778 1142 1836 facultatibus.

186 1855 298 1912 blulier
308 1853 394 1911 tortis
406 1893 414 1917 ,
425 1847 446 1907 i.
457 1866 485 1908 e.
497 1851 530 1906 iu
539 1849 646 1907 labore
656 1849 810 1919 sapienter
820 1859 963 1920 suscepto
974 1859 1142 1920 constans,

186 1928 281 2000 spatiis
302 1941 361 1982 aon
382 1923 531 1995 indigebit.
556 1925 647 1979 Prot.
674 1920 754 1979 lxxi
778 1939 820 1978 u.
844 1920 957 1980 divitiis
978 1937 1142 1994 nunquam

187 1999 312 2058 carebit

222 2074 388 2131 Srouotto.
410 2069 608 2129 Praestantior
631 2084 702 2141 pars
722 2067 933 2141 egyptiorum
954 2109 963 2138 ,
987 2067 1077 2139 liberi
1094 2070 1144 2125 ni-r

186 2143 396 2214 mirum‚spes
405 2144 685 2213 gentis‚momento
694 2142 791 2199 deleta
799 2150 854 2198 est.
873 2147 913 2215 De
925 2142 1140 2197 omoibasenbn

186 2232 245 2273 noa
262 2217 407 2273 nabatea
423 2224 543 2287 propter
560 2215 714 2285 veneficia,
738 2210 852 2283 (aliqui
864 2212 1139 2285 leguntbanefita'at

187 2298 332 2345 toacoero
342 2289 485 2361 prienam,
495 2302 561 2342 cam
573 2288 630 2356 suit
643 2286 848 2341 exterminium
860 2285 1137 2356 primogenitorum,

185 2362 399 2432 spoponderant
415 2360 553 2430 pupulam
570 2359 718 2425 natasse,
744 2357 885 2428 quaedam
904 2358 1058 2414 editiones
1081 2357 1140 2415 ba-

185 2432 277 2497 bent,
297 2431 528 2502 spoponderant,
546 2445 576 2484 se
597 2429 634 2498 (i.
649 2444 677 2484 e.
692 2429 796 2499 ipsos,
811 2428 967 2489 israelitas
980 2432 989 2497 l
1002 2429 1145 2500 populum,

185 2503 236 2557 Dei
247 2518 316 2557 esse.
333 2505 367 2556 ln
382 2515 482 2570 graeco
495 2508 565 2556 est:
581 2500 716 2557 confessi
732 2508 823 2572 sunt„
836 2500 987 2571 populum
1005 2501 1137 2570 (israeli-

186 2573 302 2639 ticum)
318 2571 374 2626 Dei
392 2571 491 2628 otium
507 2585 586 2627 esse.
611 2574 680 2641 Sap.
694 2582 776 2627 svin
795 2574 835 2629 ιδ.
852 2574 911 2629 Diu
923 2572 1075 2629 inereduli
1088 2589 1145 2628 τε..

186 2643 387 2715 pugnabant,
408 2641 572 2714 praestigiis
596 2657 633 2701 ao
652 2642 793 2700 ludibriis
815 2643 937 2715 decepti
954 2657 1116 2713 magorum
1128 2687 1145 2710 ‚.

185 2717 239 2787 qui
262 2722 402 2787 potentes
426 2714 545 2786 AEgypti
568 2714 721 2784 adjutores
744 2729 778 2771 se
805 2730 875 2773 esse
897 2717 1144 2773 mentiebantur„

185 2792 318 2845 nemum
340 2802 439 2854 vero,
464 2785 639 2847 liberorum
659 2794 759 2855 strage
780 2788 935 2858 convicti,
962 2788 1137 2851 h'uoc,esse

185 2860 334 2931 populum
355 2875 372 2917 a
396 2862 461 2916 Deo
482 2859 660 2929 adoptatum
678 2859 813 2916 confessi
833 2868 932 2928 sunt,
961 2860 1056 2929 idque
1076 2860 1137 2915 lide

143 2938 148 2947 '
186 2942 249 2990 tam
266 2941 350 2989 certa
367 2932 585 2998 crediderunt,
609 2939 644 2988 ut
661 2930 728 2987 aliis
745 2931 954 2997 dubitantibus
969 2938 1145 3000 sponsores,

187 3020 223 3062 ac
237 3005 330 3061 vades
347 3005 385 3060 de
401 3003 492 3074 hujus
505 3005 549 3060 rei
561 3006 688 3061 veritate
701 3003 858 3073 praebituri
873 3019 906 3059 se
922 3003 1074 3073 luissent,

222 3079 374 3134 sponsio.
388 3075 478 3147 lmpii
487 3077 817 3146 sponsionesposoerant
826 3076 866 3132 ad
875 3076 963 3130 ittam.
978 3077 1046 3159 Sap.
1060 3072 1134 3131 tull.

186 3149 286 3206 loedus
299 3162 372 3205 cum
384 3156 484 3204 morte
499 3149 666 3218 junxerunt
679 3162 687 3203 ε
702 3146 782 3204 ultro
792 3147 961 3219 perniciem
975 3147 1035 3217 ipsi
1047 3160 1135 3216 pren·
1213 3216 1214 3219 Ἴ

187 3226 296 3277 sarunt
318 3234 325 3276 ε
348 3227 474 3290 peccato
492 3220 630 3277 enimse
649 3213 847 3291 subjecerunt
860 3229 875 3290 ,·
897 3220 980 3290 quod
996 3217 1135 3275 admotus
1213 3274 1214 3283 ,

185 3293 296 3351 mortis
311 3299 367 3348 est.
678 3328 680 3331 ·
1142 3298 1145 3303 ·
1214 3313 1215 3338 3

222 3367 375 3421 sroasos.
396 3361 556 3433 sephora,
578 3361 693 3436 Moysis
712 3375 824 3433 uxor,
849 3362 1034 3428 circumciso
1055 3360 1134 3427 idio,
1214 3415 1215 3444 ἢ

186 3435 224 3492 ad
240 3434 388 3492 maritum
406 3434 448 3491 ait
467 3451 475 3491 ε
496 3438 622 3513 Sponsas
640 3436 825 3504 sangonam
843 3436 1013 3492 tramittas.
1032 3437 1082 3503 Epa.
1101 3445 1145 3491 tv.

187 3506 298 3630 rihtara
310 3546 324 3588 ,ι
340 3518 364 3588 ⁰.
371 3505 506 3576 conjux,
529 3506 678 3584 fundendi
694 3507 852 3566 carissimi
870 3506 1031 3578 sanguinis
1045 3520 1133 3564 causa

185 3589 264 3630 mir
296 3584 375 3630 ursta.
1137 3602 1142 3635 2

220 3647 453 3702 subnotamus·
481 3647 690 3705 samaritanus
709 3651 782 3707 Luc
804 3660 825 3706 x
845 3649 879 3702 55
904 3647 1130 3707 vulneratuma

184 3711 351 3794 latronibus
367 3731 450 3772 curae
462 3718 616 3781 stabatartt
625 3721 845 3787 commendat,
869 3719 963 3776 idest
977 3762 986 3787 ,
1005 3718 1130 3777 (Ἀνθηί-

184 3789 258 3840 tons
273 3796 281 3837 t
294 3785 439 3845 stabolum
448 3787 532 3847 enim
542 3790 698 3852 veteribus
710 3789 1138 3873 ffirorsodum.signlllcabat'.
