2475 4034
86 215 94 232 .
144 159 214 235 ada
336 158 675 249 crannonem.
723 156 918 231 Duronum

141 278 246 341 ridere
270 287 304 336 se
323 259 490 403 persdpem
510 276 716 334 veneratione
736 275 971 349 dignissimam,
995 272 1099 353 tucius

142 349 260 421 aliquid
274 358 306 407 et
324 350 420 418 augus
435 348 482 404 ius
506 347 649 405 homine.
670 352 742 405 Deos
762 347 865 417 (hebr.
880 349 1018 420 lilohim')
1041 352 1104 424 etat:

137 422 328 479 'mceadentes
343 421 377 475 de
393 430 484 476 terre
503 419 530 475 t.
548 422 623 490 neg.
638 431 741 477 xxvnt
756 422 797 476 ιδ.
818 420 906 489 Quod
924 423 1100 493 intelligens

142 494 232 561 saul,
243 505 374 551 numero
389 490 540 561 singulari
547 491 737 562 interrogat:
753 494 852 563 Qualis
859 503 902 549 est
911 495 1097 568 fomitejttt?

143 570 213 637 Quae
224 567 267 620 ait
284 581 296 617 .·
316 564 365 620 Vir
377 579 466 619 senec
479 563 618 619 ascendit.
639 563 712 620 ibid.
727 579 757 621 v.
777 567 817 630 14.

144 686 146 690 .
175 640 476 694 Duurenououruu.
495 636 637 691 Graecnrn
648 635 857 704 vocabulum,
872 636 1007 695 secunda
1017 639 1098 709 Lex,
1127 698 1140 714 ,ν
1189 684 1190 688 ,

141 708 281 779 repetitio
291 705 497 774 tegrenses-a
506 705 817 778 Legispromulgatio.
827 708 963 768 Sicliber
971 709 1096 781 quintus

140 777 255 849 Moysis
267 777 468 845 inscribitur,
483 778 536 847 qui
549 777 678 834 ultimus
692 788 739 835 est
752 780 962 838 pentateuchi.

158 852 346 906 dexteras.
367 852 525 905 dexteram
546 851 629 905 'tecm
646 851 689 906 sie
707 860 808 908 notam
819 853 896 923 foe.
921 861 949 907 et
968 851 1097 911 eruditos

142 922 228 980 corde
244 921 275 977 t'n
289 921 439 991 sapientia.
461 924 510 977 Ps.
529 931 651 978 xxxxix
672 938 713 979 ra.
741 926 822 981 Fons
838 923 1004 981 hebraicus
1023 924 1096 988 huic

116 1032 119 1036 -
141 992 247 1052 versui
256 993 341 1050 addit
351 993 481 1050 verbum
490 994 668 1062 praecedens
681 994 882 1062 mnnmaare,
897 1002 928 1050 et
941 992 994 1066 huj
1000 1010 1034 1052 ns
1047 1004 1096 1055 est

87 1105 91 1116 .
142 1065 300 1124 sententie
323 1080 331 1121 t
346 1066 432 1126 Doce
445 1077 520 1132 uos,
538 1072 573 1119 ut
588 1065 635 1123 sic
647 1080 849 1123 numeremus
861 1066 934 1125 dies
948 1075 1069 1140 nostros
1083 1066 1106 1126 τ’

140 1143 173 1194 et
184 1135 372 1211 adducemus
382 1136 414 1192 in
424 1149 478 1193 cor
492 1135 684 1206 sapientiam.
700 1140 867 1210 Utrumque
879 1139 1095 1209 consecrabis.

141 1207 172 1266 si·
180 1207 292 1267 dixeris
313 1223 321 1264 ε
341 1211 511 1284 Docenos,
529 1214 563 1263 ut
574 1208 756 1267 brevitatem
769 1212 840 1267 vitae
851 1218 968 1286 nostrae
981 1209 1097 1267 intelli-

142 1293 270 1348 gamus,
283 1279 428 1344 scientes,
442 1291 511 1335 eam
524 1277 556 1333 iu
568 1293 664 1336 manu
677 1288 727 1345 tua
741 1296 828 1349 esse,
840 1291 873 1337 et
886 1282 922 1342 in
932 1289 1095 1340 momento

140 1366 160 1407 a
168 1357 199 1407 te
211 1351 351 1419 abrumpi
363 1364 474 1421 posse:
488 1350 552 1416 fac,
562 1358 600 1405 ut
612 1366 668 1421 per
680 1352 837 1414 salubrem
849 1352 935 1410 huuc
947 1351 1094 1412 timorem
1138 1369 1143 1378 ·

139 1435 198 1483 our
208 1428 351 1479 nostrum
364 1420 404 1479 ad
416 1421 597 1491 sapientiam
610 1424 779 1480 erudiatur.
920 1431 922 1446 '

153 1563 156 1567 Α
173 1495 209 1561 di
226 1496 357 1550 Dextera
375 1492 556 1563 iniquitatis.
577 1497 839 1561 Dememorans,
855 1493 980 1550 dextere
992 1495 1097 1569 iniqui-

139 1566 220 1622 tatis.
242 1568 290 1620 Ps.
313 1575 415 1621 cxcttt
433 1567 448 1616 8
468 1570 560 1619 etur.
581 1565 754 1632 Hebraico,
776 1566 902 1622 dextera
916 1567 1096 1634 mendacii3

139 1635 288 1765 uidelicet
310 1644 436 1707 propter
457 1635 630 1706 periurium
654 1650 662 1693 ε
684 1636 803 1694 elevata
827 1636 912 1693 enim
932 1649 1029 1694 manu
1050 1638 1096 1709 ju·

137 1723 176 1766 ra
202 1717 262 1765 ant.
950 1714 953 1720 ’

178 1781 215 1907 ὄλ
237 1783 366 1837 Dextera
384 1778 520 1836 orientis.
544 1779 588 1835 Aa
609 1775 761 1836 dexteram
775 1777 896 1837 orientis
907 1777 1092 1835 catamitates

137 1866 191 1907 me
235 1852 310 1908 illico
329 1860 533 1910 surrexerunt.
560 1852 627 1907 iob.
649 1863 714 1907 xxx
736 1869 776 1907 ra.
798 1853 842 1910 Aa
860 1852 1013 1906 dexteram
1037 1849 1093 1906 he-

136 1922 249 1981 braico
262 1938 351 1980 more
365 1931 414 1979 est
430 1923 471 1981 ed
490 1921 572 1979 latus
581 1947 594 1989 Δ,
608 1923 757 1992 proxime.
777 1926 839 1980 Pro
850 1923 962 1978 oriente
973 1921 1093 1978 hebrai·

103 2035 110 2056 .
136 2007 215 2051 cum
227 1994 413 2052 vocabulum
425 1991 552 2063 legitur,
577 1995 659 2065 quod
670 1995 703 2050 iu
714 2002 780 2052 toto
792 1994 962 2052 Bibliorum
975 2006 1096 2051 canone

136 2074 291 2137 praeterea
304 2081 366 2123 non
377 2066 546 2136 reperitur,
564 2074 595 2121 ct
607 2068 727 2123 Masora
737 2066 939 2124 Hebraeorum
952 2066 1099 2124 testessoa

136 2137 567 2208 remjuvcntutisseuliberos
579 2138 725 2195 florentes
739 2138 898 2208 siguificat.
913 2135 1014 2195 Prolis
1024 2151 1117 2208 ergo-

133 2205 301 2266 .interitum
322 2209 485 2281 deplorans
503 2209 619 2277 iebus,
642 2211 681 2267 ad
697 2209 799 2277 latus,
822 2207 936 2281 inquit,
959 2208 1098 2267 florentis

134 2293 220 2340 -meao
233 2280 365 2349 sobolis,
386 2281 418 2336 in
437 2282 505 2351 ipso
524 2280 591 2351 ejus
610 2290 679 2337 ortu
693 2282 851 2351 repentina
872 2280 1031 2338 calamitas
1051 2289 1100 2339 est

135 2357 268 2418 „coorta3
285 2361 350 2407 tum
369 2352 539 2418 nimirum,
563 2365 636 2407 cum
657 2352 768 2409 domus
784 2351 907 2409 turbine
931 2366 1041 2409 eversa
1058 2351 1099 2408 li-

139 2420 232 2479 beros
252 2422 319 2491 ejus
333 2436 441 2478 omues
453 2422 616 2491 oppressit.
634 2422 701 2479 iob.
714 2434 730 2478 ιι
745 2441 785 2491 ¹9·

176 2493 211 2557 lt)
237 2493 283 2548 Ad
304 2494 460 2549 dexteram
484 2492 627 2550 educere.
648 2494 730 2549 Deus
752 2492 852 2549 eduxit
875 2491 917 2548 ad
941 2492 1096 2548 dexteram

139 2564 255 2635 Moysen
271 2565 387 2619 brechio
403 2563 565 2633 mejestatis
577 2577 647 2618 see.
673 2566 710 2618 is.
735 2574 817 2620 thtt
839 2580 879 2619 ια.
898 2563 1097 2622 Amicissime

143 2633 268 2694 dictum.
283 2638 409 2691 Manum
426 2635 494 2705 ejus
508 2634 650 2703 arripuit,
664 2642 746 2692 etex
758 2639 885 2705 AEgypto
898 2634 1013 2691 eduxit.
1113 2657 1119 2674 =

85 2761 89 2770 ,
177 2709 352 2764 Dtnuocus.
374 2708 490 2763 Vocem
508 2720 641 2775 graecam
657 2720 746 2773 esse.
766 2721 805 2764 nc
820 2705 956 2763 Gothicis
971 2704 1097 2779 quidem

144 2777 255 2835 seculis
275 2778 427 2835 doctiores
438 2777 527 2834 latuit
542 2793 550 2833 ι
570 2778 627 2834 sed
642 2776 709 2849 ejus
719 2778 872 2846 originem
884 2777 977 2840 nimis
991 2791 1098 2846 crasse

143 2848 479 2917 commenti,homines
492 2848 719 2907 totiustiraeciae
728 2850 845 2919 ignari,
857 2847 971 2908 diaboli
981 2862 1097 2908 nomeu
1126 2917 1130 2923 ,

144 2921 264 2979 edicet
282 2924 358 2978 octos
376 2920 607 2989 accersierunt,
650 2922 699 2979 uia
722 2922 760 2977 dc
780 2921 907 2979 homine
927 2921 997 2977 duos
1016 2936 1097 2980 mor·

143 2994 225 3050 telios
236 3009 291 3050 seu
301 2994 388 3052 bolos
398 2994 508 3061 faciat,
522 3009 612 3049 onum
670 3007 805 3065 corpore,
817 3002 845 3049 et
854 3008 942 3048 onom
957 2993 1098 3054 deanitmz

146 3066 213 3134 tetta
225 3066 309 3122 enim
321 3081 391 3123 esse
405 3065 536 3123 latinum
556 3066 614 3122 duo
633 3066 856 3137 opinabantur)
881 3073 914 3121 et
927 3069 1096 3137 utrumque

145 3137 311 3194 crudeliter
324 3140 457 3195 devoret.
474 3136 595 3195 Scimus
607 3146 726 3206 autem,
740 3154 757 3195 a
772 3138 913 3205 dotato,
928 3138 1095 3207 criminor,

144 3218 356 3281 nuncupatum
368 3212 533 3278 deuotum,
552 3209 635 3283 quod
645 3209 742 3267 latine
758 3217 806 3267 cst
823 3205 1026 3278 criminator,
1044 3223 1096 3267 ca·
1112 3221 1114 3225 ·

144 3278 327 3348 lumniator3
344 3283 426 3339 unde
446 3296 561 3340 nomen
574 3283 694 3339 Diodoto
712 3280 818 3353 juveni
834 3283 868 3338 in
885 3282 1026 3339 Plautina
1042 3294 1097 3338 co·

144 3352 268 3408 moedis.
291 3355 396 3412 Graece
415 3354 453 3410 de
473 3356 635 3426 utriusque
650 3367 747 3411 sexus
770 3352 948 3411 homiuibus
972 3352 1094 3409 dicitur.

146 3421 197 3477 Sic
206 3422 336 3492 Paulus,
349 3426 692 3498 ubinoslcgimusenus
707 3457 720 3469 ·
729 3457 745 3469 -
755 3454 796 3468 ·-
807 3441 865 3481 non
871 3425 1080 3481 criminatrices
1083 3463 1096 3493 ,

146 3502 244 3555 8?aeoe
263 3498 407 3567 scripsit,
426 3515 489 3555 non
510 3501 646 3556 denotor.
668 3499 727 3555 Tit.
753 3508 779 3554 11
797 3496 823 3553 ὅ.
846 3496 1096 3558 Autonomastice

145 3557 205 3615 hoc
225 3568 350 3624 nomine
372 3571 541 3641 appellatur
569 3581 724 3629 accusator
744 3570 877 3640 fratrum
899 3577 1092 3633 nostrorum,

147 3629 239 3710 Apoc.
261 3646 310 3691 xtt
332 3657 384 3707 zo;
400 3643 450 3713 qui
466 3653 509 3700 est
528 3643 675 3711 deuotus,
693 3651 722 3698 et
742 3649 874 3696 satanas.
889 3646 982 3712 Apoc.
999 3649 1049 3694 xx
1066 3653 1092 3693 a.

147 3696 304 3770 ursocius,
324 3710 394 3779 quia
408 3713 610 3783 criminatum
624 3723 728 3782 saun,
744 3711 815 3783 quia
829 3713 1017 3771 adversatur.
1064 3751 1065 3756 ,
