<?xml version="1.0" encoding="UTF-8"?>
<!DOCTYPE html PUBLIC "-//W3C//DTD XHTML 1.0 Transitional//EN"
    "http://www.w3.org/TR/xhtml1/DTD/xhtml1-transitional.dtd">
<html xmlns="http://www.w3.org/1999/xhtml" xml:lang="en" lang="en">
 <head>
  <title>
</title>
<meta http-equiv="Content-Type" content="text/html;charset=utf-8" />
  <meta name='ocr-system' content='tesseract 3.04.00' />
  <meta name='ocr-capabilities' content='ocr_page ocr_carea ocr_par ocr_line ocrx_word'/>
</head>
<body>
  <div class='ocr_page' id='page_1' title='image "./lexiconbiblicum00weitgoog_0139.png"; bbox 0 0 2475 4034; ppageno 0'>
   <div class='ocr_carea' id='block_1_1' title="bbox 443 193 1049 277">
    <p class='ocr_par' dir='ltr' id='par_1_1' title="bbox 443 193 1049 277">
     <span class='ocr_line' id='line_1_1' title="bbox 443 193 1049 277; baseline 0.003 -3"><span class='ocrx_word' id='word_1_1' title='bbox 443 214 447 221; x_wconf 84' lang='lat'><em>&#39;</em></span> <span class='ocrx_word' id='word_1_2' title='bbox 527 196 625 274; x_wconf 71' lang='lat' dir='ltr'><strong>Dies</strong></span> <span class='ocrx_word' id='word_1_3' title='bbox 747 193 770 220; x_wconf 49' lang='lat'><strong>²*</strong></span> <span class='ocrx_word' id='word_1_4' title='bbox 973 197 1049 277; x_wconf 70' lang='grc'>’136</span> 
     </span>
    </p>
   </div>
   <div class='ocr_carea' id='block_1_2' title="bbox 94 306 1071 394">
    <p class='ocr_par' dir='ltr' id='par_1_2' title="bbox 94 306 1071 394">
     <span class='ocr_line' id='line_1_2' title="bbox 94 306 1071 394; baseline 0.003 -17"><span class='ocrx_word' id='word_1_5' title='bbox 94 306 171 394; x_wconf 83' lang='lat' dir='ltr'><strong>post</strong></span> <span class='ocrx_word' id='word_1_6' title='bbox 181 306 240 377; x_wconf 83' lang='lat' dir='ltr'><strong>bo‘s</strong></span> <span class='ocrx_word' id='word_1_7' title='bbox 255 317 479 381; x_wconf 76' lang='lat' dir='ltr'><strong>solennes‘dies</strong></span> <span class='ocrx_word' id='word_1_8' title='bbox 495 362 504 388; x_wconf 87' lang='lat'><strong>‚</strong></span> <span class='ocrx_word' id='word_1_9' title='bbox 523 308 727 393; x_wconf 83' lang='lat' dir='ltr'><strong>quo&#39;liberior</strong></span> <span class='ocrx_word' id='word_1_10' title='bbox 744 319 807 378; x_wconf 86' lang='lat' dir='ltr'><strong>iliis</strong></span> <span class='ocrx_word' id='word_1_11' title='bbox 821 319 979 391; x_wconf 80' lang='lat' dir='ltr'><strong>religionis</strong></span> <span class='ocrx_word' id='word_1_12' title='bbox 993 330 1071 380; x_wconf 89' lang='lat' dir='ltr'><strong>sute-</strong></span> 
     </span>
    </p>
   </div>
   <div class='ocr_carea' id='block_1_3' title="bbox 93 390 1083 1462">
    <p class='ocr_par' dir='ltr' id='par_1_3' title="bbox 94 390 1055 734">
     <span class='ocr_line' id='line_1_3' title="bbox 100 390 1054 464; baseline 0.001 -14"><span class='ocrx_word' id='word_1_13' title='bbox 100 392 201 450; x_wconf 87' lang='lat' dir='ltr'><strong>cuitus</strong></span> <span class='ocrx_word' id='word_1_14' title='bbox 224 391 279 457; x_wconf 88' lang='lat' dir='ltr'><strong>sit,</strong></span> <span class='ocrx_word' id='word_1_15' title='bbox 301 390 437 463; x_wconf 86' lang='lat' dir='ltr'><strong>satisque</strong></span> <span class='ocrx_word' id='word_1_16' title='bbox 451 392 599 462; x_wconf 84' lang='lat' dir='ltr'><strong>temporis</strong></span> <span class='ocrx_word' id='word_1_17' title='bbox 614 399 757 464; x_wconf 80' lang='lat' dir='ltr'><strong>suppetat</strong></span> <span class='ocrx_word' id='word_1_18' title='bbox 769 393 895 449; x_wconf 86' lang='lat' dir='ltr'><strong>adituris</strong></span> <span class='ocrx_word' id='word_1_19' title='bbox 914 394 1054 451; x_wconf 84' lang='lat' dir='ltr'><strong>llieroso-</strong></span> 
     </span>
     <span class='ocr_line' id='line_1_4' title="bbox 98 461 1055 536; baseline 0.002 -16"><span class='ocrx_word' id='word_1_20' title='bbox 98 463 236 536; x_wconf 67' lang='lat' dir='ltr'><strong>bimam,</strong></span> <span class='ocrx_word' id='word_1_21' title='bbox 251 472 286 520; x_wconf 86' lang='lat' dir='ltr'><strong>ae</strong></span> <span class='ocrx_word' id='word_1_22' title='bbox 299 461 444 529; x_wconf 73' lang='lat' dir='ltr'><strong>redituris</strong></span> <span class='ocrx_word' id='word_1_23' title='bbox 470 479 477 521; x_wconf 79' lang='grc' dir='ltr'>ι</span> <span class='ocrx_word' id='word_1_24' title='bbox 498 463 540 520; x_wconf 89' lang='lat' dir='ltr'><strong>ibi</strong></span> <span class='ocrx_word' id='word_1_25' title='bbox 553 465 637 521; x_wconf 89' lang='lat' dir='ltr'><strong>enim</strong></span> <span class='ocrx_word' id='word_1_26' title='bbox 652 464 795 521; x_wconf 78' lang='lat' dir='ltr'><strong>solennes</strong></span> <span class='ocrx_word' id='word_1_27' title='bbox 809 462 856 519; x_wconf 83' lang='lat' dir='ltr'><strong>illi</strong></span> <span class='ocrx_word' id='word_1_28' title='bbox 868 465 932 521; x_wconf 89' lang='lat' dir='ltr'><strong>dies</strong></span> <span class='ocrx_word' id='word_1_29' title='bbox 946 465 1055 533; x_wconf 87' lang='lat' dir='ltr'><strong>agendi</strong></span> 
     </span>
     <span class='ocr_line' id='line_1_5' title="bbox 97 531 1055 607; baseline 0.001 -16"><span class='ocrx_word' id='word_1_30' title='bbox 97 541 198 592; x_wconf 85' lang='lat' dir='ltr'><strong>erant.</strong></span> <span class='ocrx_word' id='word_1_31' title='bbox 223 531 335 604; x_wconf 87' lang='lat' dir='ltr'><strong>Nequis</strong></span> <span class='ocrx_word' id='word_1_32' title='bbox 355 548 468 604; x_wconf 77' lang='lat' dir='ltr'><strong>cogere</strong></span> <span class='ocrx_word' id='word_1_33' title='bbox 487 536 574 593; x_wconf 77' lang='lat' dir='ltr'><strong>rinos</strong></span> <span class='ocrx_word' id='word_1_34' title='bbox 596 535 760 605; x_wconf 86' lang='lat' dir='ltr'><strong>religiosos</strong></span> <span class='ocrx_word' id='word_1_35' title='bbox 783 543 910 607; x_wconf 84' lang='lat' dir='ltr'><strong>posset,</strong></span> <span class='ocrx_word' id='word_1_36' title='bbox 931 540 1055 592; x_wconf 84' lang='lat' dir='ltr'><strong>etcum</strong></span> 
     </span>
     <span class='ocr_line' id='line_1_6' title="bbox 94 603 1055 679; baseline 0.002 -18"><span class='ocrx_word' id='word_1_37' title='bbox 94 603 220 679; x_wconf 81' lang='lat' dir='ltr'><strong>pietatis</strong></span> <span class='ocrx_word' id='word_1_38' title='bbox 250 605 410 675; x_wconf 88' lang='lat' dir='ltr'><strong>dispendio</strong></span> <span class='ocrx_word' id='word_1_39' title='bbox 435 607 751 676; x_wconf 84' lang='lat' dir='ltr'><strong>causam-dicerent,</strong></span> <span class='ocrx_word' id='word_1_40' title='bbox 781 605 873 664; x_wconf 89' lang='lat' dir='ltr'><strong>totius</strong></span> <span class='ocrx_word' id='word_1_41' title='bbox 902 605 1055 679; x_wconf 78' lang='lat' dir='ltr'><strong>utrinqne</strong></span> 
     </span>
     <span class='ocr_line' id='line_1_7' title="bbox 95 674 571 734; baseline -0.002 0"><span class='ocrx_word' id='word_1_42' title='bbox 95 676 191 734; x_wconf 83' lang='lat' dir='ltr'><strong>tridui</strong></span> <span class='ocrx_word' id='word_1_43' title='bbox 207 674 331 733; x_wconf 70' lang='lat' dir='ltr'><strong>illicitas</strong></span> <span class='ocrx_word' id='word_1_44' title='bbox 347 678 417 734; x_wconf 90' lang='lat' dir='ltr'><strong>data</strong></span> <span class='ocrx_word' id='word_1_45' title='bbox 431 686 487 733; x_wconf 81' lang='lat' dir='ltr'><strong>est</strong></span> <span class='ocrx_word' id='word_1_46' title='bbox 566 726 571 733; x_wconf 29' lang='grc' dir='ltr'>ι</span> 
     </span>
    </p>

    <p class='ocr_par' dir='ltr' id='par_1_4' title="bbox 96 747 1054 1105">
     <span class='ocr_line' id='line_1_8' title="bbox 133 747 1054 821; baseline 0.001 -16"><span class='ocrx_word' id='word_1_47' title='bbox 133 749 169 817; x_wconf 81' lang='grc'><strong>8)</strong></span> <span class='ocrx_word' id='word_1_48' title='bbox 185 747 260 805; x_wconf 83' lang='lat' dir='ltr'>Dies</span> <span class='ocrx_word' id='word_1_49' title='bbox 274 760 414 819; x_wconf 83' lang='lat' dir='ltr'><strong>magnus.</strong></span> <span class='ocrx_word' id='word_1_50' title='bbox 440 750 506 816; x_wconf 84' lang='lat' dir='ltr'><strong>Quo</strong></span> <span class='ocrx_word' id='word_1_51' title='bbox 521 751 604 806; x_wconf 82' lang='lat' dir='ltr'><strong>Dens</strong></span> <span class='ocrx_word' id='word_1_52' title='bbox 627 747 750 807; x_wconf 85' lang='lat' dir='ltr'><strong>illustre</strong></span> <span class='ocrx_word' id='word_1_53' title='bbox 766 749 881 821; x_wconf 86' lang='lat' dir='ltr'><strong>aliquid</strong></span> <span class='ocrx_word' id='word_1_54' title='bbox 892 757 923 806; x_wconf 91' lang='lat' dir='ltr'><strong>et</strong></span> <span class='ocrx_word' id='word_1_55' title='bbox 933 749 1054 819; x_wconf 75' lang='lat' dir='ltr'><strong>insigne</strong></span> 
     </span>
     <span class='ocr_line' id='line_1_9' title="bbox 96 821 1053 893; baseline 0.001 -16"><span class='ocrx_word' id='word_1_56' title='bbox 96 824 274 891; x_wconf 87' lang='lat' dir='ltr'><strong>patraturus</strong></span> <span class='ocrx_word' id='word_1_57' title='bbox 294 827 379 887; x_wconf 88' lang='lat' dir='ltr'><strong>crat,</strong></span> <span class='ocrx_word' id='word_1_58' title='bbox 400 821 428 876; x_wconf 92' lang='lat' dir='ltr'><strong>is</strong></span> <span class='ocrx_word' id='word_1_59' title='bbox 447 821 513 877; x_wconf 89' lang='lat' dir='ltr'><strong>dies</strong></span> <span class='ocrx_word' id='word_1_60' title='bbox 525 829 659 893; x_wconf 76' lang='lat' dir='ltr'><strong>magum</strong></span> <span class='ocrx_word' id='word_1_61' title='bbox 679 836 696 877; x_wconf 88' lang='lat' dir='ltr'><strong>a</strong></span> <span class='ocrx_word' id='word_1_62' title='bbox 712 822 830 877; x_wconf 83' lang='lat' dir='ltr'><strong>Divinis</strong></span> <span class='ocrx_word' id='word_1_63' title='bbox 848 821 1053 891; x_wconf 67' lang='lat' dir='ltr'>scriptoribus</span> 
     </span>
     <span class='ocr_line' id='line_1_10' title="bbox 98 889 1050 962; baseline 0.001 -15"><span class='ocrx_word' id='word_1_64' title='bbox 98 889 270 962; x_wconf 87' lang='lat' dir='ltr'><strong>appellatus</strong></span> <span class='ocrx_word' id='word_1_65' title='bbox 290 899 338 947; x_wconf 90' lang='lat' dir='ltr'><strong>est</strong></span> <span class='ocrx_word' id='word_1_66' title='bbox 358 906 366 948; x_wconf 79' lang='lat' dir='ltr'><strong>t</strong></span> <span class='ocrx_word' id='word_1_67' title='bbox 387 891 504 950; x_wconf 82' lang='lat' dir='ltr'><strong>siresa</strong></span> <span class='ocrx_word' id='word_1_68' title='bbox 523 891 905 958; x_wconf 88' lang='lat' dir='ltr'><strong>resmaleeratcessura,</strong></span> <span class='ocrx_word' id='word_1_69' title='bbox 925 900 960 948; x_wconf 89' lang='lat' dir='ltr'><strong>ut</strong></span> <span class='ocrx_word' id='word_1_70' title='bbox 974 891 1050 949; x_wconf 74' lang='lat' dir='ltr'><strong>loti.</strong></span> 
     </span>
     <span class='ocr_line' id='line_1_11' title="bbox 97 963 1050 1033; baseline 0.004 -16"><span class='ocrx_word' id='word_1_71' title='bbox 97 968 124 1017; x_wconf 89' lang='grc'><strong>11</strong></span> <span class='ocrx_word' id='word_1_72' title='bbox 144 981 193 1029; x_wconf 82' lang='grc' dir='ltr'><strong>ιι,</strong></span> <span class='ocrx_word' id='word_1_73' title='bbox 215 966 276 1019; x_wconf 80' lang='lat' dir='ltr'><strong>ier.</strong></span> <span class='ocrx_word' id='word_1_74' title='bbox 293 970 359 1018; x_wconf 80' lang='lat' dir='ltr'><strong>xxx</strong></span> <span class='ocrx_word' id='word_1_75' title='bbox 375 981 408 1031; x_wconf 88' lang='lat'><strong>7,</strong></span> <span class='ocrx_word' id='word_1_76' title='bbox 429 966 522 1033; x_wconf 78' lang='lat' dir='ltr'><strong>Apoe.</strong></span> <span class='ocrx_word' id='word_1_77' title='bbox 537 970 573 1019; x_wconf 84' lang='lat' dir='ltr'><strong>vt</strong></span> <span class='ocrx_word' id='word_1_78' title='bbox 588 979 620 1032; x_wconf 83' lang='lat'><strong>17</strong></span> <span class='ocrx_word' id='word_1_79' title='bbox 635 981 644 1030; x_wconf 76' lang='lat'><em>3</em></span> <span class='ocrx_word' id='word_1_80' title='bbox 662 963 726 1020; x_wconf 84' lang='lat' dir='ltr'><strong>sive</strong></span> <span class='ocrx_word' id='word_1_81' title='bbox 737 963 837 1032; x_wconf 86' lang='lat' dir='ltr'><strong>bene,</strong></span> <span class='ocrx_word' id='word_1_82' title='bbox 856 970 891 1019; x_wconf 89' lang='lat' dir='ltr'><strong>ut</strong></span> <span class='ocrx_word' id='word_1_83' title='bbox 902 964 952 1019; x_wconf 83' lang='lat' dir='ltr'><strong>os.</strong></span> <span class='ocrx_word' id='word_1_84' title='bbox 968 963 1050 1021; x_wconf 85' lang='lat' dir='ltr'><strong>tuit</strong></span> 
     </span>
     <span class='ocr_line' id='line_1_12' title="bbox 98 1030 764 1105; baseline -0.002 -14"><span class='ocrx_word' id='word_1_85' title='bbox 98 1032 135 1091; x_wconf 87' lang='lat' dir='ltr'><strong>tle</strong></span> <span class='ocrx_word' id='word_1_86' title='bbox 150 1046 214 1105; x_wconf 88' lang='lat' dir='ltr'><strong>quo</strong></span> <span class='ocrx_word' id='word_1_87' title='bbox 226 1033 297 1091; x_wconf 92' lang='lat' dir='ltr'><strong>loco</strong></span> <span class='ocrx_word' id='word_1_88' title='bbox 309 1030 484 1093; x_wconf 83' lang='lat' dir='ltr'><strong>distinctius</strong></span> <span class='ocrx_word' id='word_1_89' title='bbox 497 1034 528 1088; x_wconf 91' lang='lat' dir='ltr'><strong>in</strong></span> <span class='ocrx_word' id='word_1_90' title='bbox 542 1037 615 1092; x_wconf 88' lang='lat' dir='ltr'><strong>voc.</strong></span> <span class='ocrx_word' id='word_1_91' title='bbox 632 1037 764 1104; x_wconf 71' lang='lat' dir='ltr'><strong>Mogses.</strong></span> 
     </span>
    </p>

    <p class='ocr_par' dir='ltr' id='par_1_5' title="bbox 93 1103 1083 1462">
     <span class='ocr_line' id='line_1_13' title="bbox 131 1103 1052 1232; baseline 0.002 -72"><span class='ocrx_word' id='word_1_92' title='bbox 131 1105 167 1173; x_wconf 80' lang='grc'><strong>9)</strong></span> <span class='ocrx_word' id='word_1_93' title='bbox 188 1105 262 1162; x_wconf 82' lang='lat' dir='ltr'><strong>Dies</strong></span> <span class='ocrx_word' id='word_1_94' title='bbox 276 1105 367 1175; x_wconf 89' lang='lat' dir='ltr'><strong>regis.</strong></span> <span class='ocrx_word' id='word_1_95' title='bbox 387 1103 599 1176; x_wconf 73' lang='lat' dir='ltr'><strong>Populoniam</strong></span> <span class='ocrx_word' id='word_1_96' title='bbox 614 1104 836 1172; x_wconf 82' lang='lat' dir='ltr'><strong>fermentatus,</strong></span> <span class='ocrx_word' id='word_1_97' title='bbox 856 1112 891 1160; x_wconf 90' lang='lat' dir='ltr'><strong>ut</strong></span> <span class='ocrx_word' id='word_1_98' title='bbox 900 1104 1052 1232; x_wconf 47' lang='lat' dir='ltr'><strong>propheta</strong></span> 
     </span>
     <span class='ocr_line' id='line_1_14' title="bbox 97 1174 1053 1248; baseline 0.003 -17"><span class='ocrx_word' id='word_1_99' title='bbox 97 1174 252 1246; x_wconf 89' lang='lat' dir='ltr'><strong>loquitur,</strong></span> <span class='ocrx_word' id='word_1_100' title='bbox 272 1177 292 1232; x_wconf 90' lang='lat' dir='ltr'><strong>i.</strong></span> <span class='ocrx_word' id='word_1_101' title='bbox 311 1182 338 1233; x_wconf 78' lang='lat' dir='ltr'><strong>e.</strong></span> <span class='ocrx_word' id='word_1_102' title='bbox 352 1176 415 1246; x_wconf 84' lang='lat' dir='ltr'><strong>jam</strong></span> <span class='ocrx_word' id='word_1_103' title='bbox 429 1185 593 1245; x_wconf 88' lang='lat' dir='ltr'><strong>corruptus</strong></span> <span class='ocrx_word' id='word_1_104' title='bbox 603 1218 614 1246; x_wconf 85' lang='lat'><strong>,</strong></span> <span class='ocrx_word' id='word_1_105' title='bbox 626 1190 744 1248; x_wconf 85' lang='lat' dir='ltr'><strong>suoque</strong></span> <span class='ocrx_word' id='word_1_106' title='bbox 756 1177 823 1246; x_wconf 89' lang='lat' dir='ltr'><strong>regi</strong></span> <span class='ocrx_word' id='word_1_107' title='bbox 834 1177 898 1232; x_wconf 87' lang='lat' dir='ltr'><strong>ada</strong></span> <span class='ocrx_word' id='word_1_108' title='bbox 920 1177 1053 1234; x_wconf 84' lang='lat' dir='ltr'><strong>orandas</strong></span> 
     </span>
     <span class='ocr_line' id='line_1_15' title="bbox 93 1246 1083 1319; baseline 0.001 -16"><span class='ocrx_word' id='word_1_109' title='bbox 93 1248 208 1305; x_wconf 77' lang='lat' dir='ltr'><strong>vitulos</strong></span> <span class='ocrx_word' id='word_1_110' title='bbox 233 1246 375 1304; x_wconf 78' lang='lat' dir='ltr'><strong>invitanti</strong></span> <span class='ocrx_word' id='word_1_111' title='bbox 397 1263 465 1305; x_wconf 90' lang='lat' dir='ltr'><strong>sese</strong></span> <span class='ocrx_word' id='word_1_112' title='bbox 488 1247 657 1319; x_wconf 77' lang='lat' dir='ltr'><strong>addicens,</strong></span> <span class='ocrx_word' id='word_1_113' title='bbox 681 1248 834 1305; x_wconf 78' lang='lat' dir='ltr'>exclamat</span> <span class='ocrx_word' id='word_1_114' title='bbox 857 1248 950 1304; x_wconf 87' lang='lat' dir='ltr'><strong>:Dies</strong></span> <span class='ocrx_word' id='word_1_115' title='bbox 974 1249 1052 1318; x_wconf 80' lang='lat' dir='ltr'><strong>regb</strong></span> <span class='ocrx_word' id='word_1_116' title='bbox 1080 1282 1083 1286; x_wconf 64' lang='lat'><em>›</em></span> 
     </span>
     <span class='ocr_line' id='line_1_16' title="bbox 95 1318 1051 1390; baseline 0.001 -16"><span class='ocrx_word' id='word_1_117' title='bbox 95 1319 190 1374; x_wconf 81' lang='lat' dir='ltr'><strong>nostri</strong></span> <span class='ocrx_word' id='word_1_118' title='bbox 200 1318 211 1373; x_wconf 83' lang='lat' dir='ltr'><strong>i</strong></span> <span class='ocrx_word' id='word_1_119' title='bbox 229 1321 278 1376; x_wconf 88' lang='lat' dir='ltr'><strong>os.</strong></span> <span class='ocrx_word' id='word_1_120' title='bbox 296 1322 380 1381; x_wconf 69' lang='lat' dir='ltr'><strong>vui.</strong></span> <span class='ocrx_word' id='word_1_121' title='bbox 401 1323 584 1377; x_wconf 86' lang='lat' dir='ltr'><strong>Nostrorum</strong></span> <span class='ocrx_word' id='word_1_122' title='bbox 595 1328 774 1390; x_wconf 86' lang='lat' dir='ltr'><strong>temporum</strong></span> <span class='ocrx_word' id='word_1_123' title='bbox 789 1333 878 1375; x_wconf 90' lang='lat' dir='ltr'><strong>more</strong></span> <span class='ocrx_word' id='word_1_124' title='bbox 890 1319 1051 1376; x_wconf 78' lang='lat' dir='ltr'><strong>dicerent:</strong></span> 
     </span>
     <span class='ocr_line' id='line_1_17' title="bbox 95 1389 1052 1462; baseline 0.002 -17"><span class='ocrx_word' id='word_1_125' title='bbox 95 1391 185 1447; x_wconf 83' lang='lat' dir='ltr'><strong>Vivat</strong></span> <span class='ocrx_word' id='word_1_126' title='bbox 196 1390 419 1449; x_wconf 80' lang='lat' dir='ltr'><strong>teroboamast</strong></span> <span class='ocrx_word' id='word_1_127' title='bbox 436 1391 597 1448; x_wconf 80' lang='lat' dir='ltr'><strong>obediatur</strong></span> <span class='ocrx_word' id='word_1_128' title='bbox 608 1392 748 1462; x_wconf 85' lang='lat' dir='ltr'><strong>imperiis</strong></span> <span class='ocrx_word' id='word_1_129' title='bbox 761 1389 873 1461; x_wconf 87' lang='lat' dir='ltr'><strong>regiisi</strong></span> <span class='ocrx_word' id='word_1_130' title='bbox 892 1390 980 1449; x_wconf 86' lang='lat' dir='ltr'><strong>novis</strong></span> <span class='ocrx_word' id='word_1_131' title='bbox 992 1405 1052 1447; x_wconf 81' lang='lat' dir='ltr'><strong>ne·</strong></span> 
     </span>
    </p>
   </div>
   <div class='ocr_carea' id='block_1_4' title="bbox 96 1461 1138 1534">
    <p class='ocr_par' dir='ltr' id='par_1_6' title="bbox 96 1461 1138 1534">
     <span class='ocr_line' id='line_1_18' title="bbox 96 1461 1138 1534; baseline 0 -16"><span class='ocrx_word' id='word_1_132' title='bbox 96 1462 233 1519; x_wconf 84' lang='lat' dir='ltr'><strong>minibus</strong></span> <span class='ocrx_word' id='word_1_133' title='bbox 246 1461 458 1527; x_wconf 79' lang='lat' dir='ltr'><strong>sacrificaturi</strong></span> <span class='ocrx_word' id='word_1_134' title='bbox 473 1464 549 1520; x_wconf 84' lang='lat' dir='ltr'><strong>Gom</strong></span> <span class='ocrx_word' id='word_1_135' title='bbox 559 1463 674 1534; x_wconf 90' lang='lat' dir='ltr'><strong>populo</strong></span> <span class='ocrx_word' id='word_1_136' title='bbox 683 1478 744 1519; x_wconf 88' lang='lat' dir='ltr'><strong>una</strong></span> <span class='ocrx_word' id='word_1_137' title='bbox 758 1472 904 1534; x_wconf 80' lang='lat' dir='ltr'><strong>ceperant</strong></span> <span class='ocrx_word' id='word_1_138' title='bbox 912 1463 1052 1534; x_wconf 79' lang='lat' dir='ltr'><strong>principos</strong></span> <span class='ocrx_word' id='word_1_139' title='bbox 1135 1505 1138 1511; x_wconf 91' lang='lat'>.</span> 
     </span>
    </p>
   </div>
   <div class='ocr_carea' id='block_1_5' title="bbox 89 1534 1077 2394">
    <p class='ocr_par' dir='ltr' id='par_1_7' title="bbox 95 1534 1077 1820">
     <span class='ocr_line' id='line_1_19' title="bbox 95 1534 1077 1606; baseline 0.002 -18"><span class='ocrx_word' id='word_1_140' title='bbox 95 1535 196 1604; x_wconf 72' lang='lat' dir='ltr'><strong>farere</strong></span> <span class='ocrx_word' id='word_1_141' title='bbox 207 1551 227 1590; x_wconf 85' lang='lat' dir='ltr'><strong>e</strong></span> <span class='ocrx_word' id='word_1_142' title='bbox 237 1535 305 1590; x_wconf 83' lang='lat' dir='ltr'><strong>eino</strong></span> <span class='ocrx_word' id='word_1_143' title='bbox 318 1552 328 1589; x_wconf 92' lang='grc'><strong>.·</strong></span> <span class='ocrx_word' id='word_1_144' title='bbox 341 1550 487 1606; x_wconf 80' lang='lat' dir='ltr'><strong>proceres</strong></span> <span class='ocrx_word' id='word_1_145' title='bbox 505 1535 589 1592; x_wconf 83' lang='lat' dir='ltr'><strong>velut</strong></span> <span class='ocrx_word' id='word_1_146' title='bbox 598 1536 676 1592; x_wconf 87' lang='lat' dir='ltr'><strong>ebrii</strong></span> <span class='ocrx_word' id='word_1_147' title='bbox 687 1536 726 1591; x_wconf 84' lang='lat' dir='ltr'><strong>ad</strong></span> <span class='ocrx_word' id='word_1_148' title='bbox 736 1534 821 1591; x_wconf 85' lang='lat' dir='ltr'><strong>idem</strong></span> <span class='ocrx_word' id='word_1_149' title='bbox 835 1541 937 1590; x_wconf 85' lang='lat' dir='ltr'><strong>ruunt</strong></span> <span class='ocrx_word' id='word_1_150' title='bbox 950 1534 1052 1605; x_wconf 78' lang='lat' dir='ltr'><strong>Pergit</strong></span> <span class='ocrx_word' id='word_1_151' title='bbox 1074 1548 1077 1553; x_wconf 87' lang='grc'><em>·</em></span> 
     </span>
     <span class='ocr_line' id='line_1_20' title="bbox 95 1604 1052 1678; baseline 0.002 -17"><span class='ocrx_word' id='word_1_152' title='bbox 95 1606 299 1678; x_wconf 69' lang='lat' dir='ltr'><strong>tinguerent,</strong></span> <span class='ocrx_word' id='word_1_153' title='bbox 329 1613 361 1662; x_wconf 89' lang='lat' dir='ltr'><strong>et</strong></span> <span class='ocrx_word' id='word_1_154' title='bbox 386 1607 425 1663; x_wconf 91' lang='lat' dir='ltr'><strong>ad</strong></span> <span class='ocrx_word' id='word_1_155' title='bbox 443 1604 683 1665; x_wconf 76' lang='lat' dir='ltr'><strong>sacrificandum</strong></span> <span class='ocrx_word' id='word_1_156' title='bbox 707 1607 816 1662; x_wconf 80' lang='lat' dir='ltr'><strong>infami</strong></span> <span class='ocrx_word' id='word_1_157' title='bbox 840 1607 898 1662; x_wconf 88' lang='lat' dir='ltr'><strong>deo</strong></span> <span class='ocrx_word' id='word_1_158' title='bbox 922 1607 1052 1663; x_wconf 74' lang='lat' dir='ltr'><strong>extendit</strong></span> 
     </span>
     <span class='ocr_line' id='line_1_21' title="bbox 96 1675 1048 1749; baseline 0.002 -17"><span class='ocrx_word' id='word_1_159' title='bbox 96 1693 217 1733; x_wconf 81' lang='lat' dir='ltr'><strong>monam</strong></span> <span class='ocrx_word' id='word_1_160' title='bbox 240 1693 325 1733; x_wconf 84' lang='lat' dir='ltr'><strong>soom</strong></span> <span class='ocrx_word' id='word_1_161' title='bbox 346 1693 413 1734; x_wconf 84' lang='lat' dir='ltr'><strong>cam</strong></span> <span class='ocrx_word' id='word_1_162' title='bbox 431 1678 614 1745; x_wconf 80' lang='lat' dir='ltr'><strong>illusoribus,</strong></span> <span class='ocrx_word' id='word_1_163' title='bbox 635 1678 781 1749; x_wconf 89' lang='lat' dir='ltr'><strong>praesenti</strong></span> <span class='ocrx_word' id='word_1_164' title='bbox 799 1675 1048 1744; x_wconf 84' lang='lat' dir='ltr'><strong>blandientibus,</strong></span> 
     </span>
     <span class='ocr_line' id='line_1_22' title="bbox 97 1749 1035 1820; baseline -0.002 -15"><span class='ocrx_word' id='word_1_165' title='bbox 97 1751 179 1820; x_wconf 88' lang='lat' dir='ltr'><strong>apud</strong></span> <span class='ocrx_word' id='word_1_166' title='bbox 192 1764 225 1805; x_wconf 87' lang='lat' dir='ltr'><strong>se</strong></span> <span class='ocrx_word' id='word_1_167' title='bbox 238 1750 420 1805; x_wconf 79' lang='lat' dir='ltr'><strong>inanitatem</strong></span> <span class='ocrx_word' id='word_1_168' title='bbox 433 1751 478 1806; x_wconf 87' lang='lat' dir='ltr'><strong>rei</strong></span> <span class='ocrx_word' id='word_1_169' title='bbox 491 1751 702 1807; x_wconf 86' lang='lat' dir='ltr'><strong>irridentibus.</strong></span> <span class='ocrx_word' id='word_1_170' title='bbox 717 1749 790 1805; x_wconf 83' lang='lat' dir='ltr'><strong>ibid</strong></span> <span class='ocrx_word' id='word_1_171' title='bbox 1032 1786 1035 1789; x_wconf 88' lang='lat'>-</span> 
     </span>
    </p>

    <p class='ocr_par' dir='ltr' id='par_1_8' title="bbox 89 1818 1050 2394">
     <span class='ocr_line' id='line_1_23' title="bbox 129 1818 1047 1888; baseline -0.002 -11"><span class='ocrx_word' id='word_1_172' title='bbox 129 1820 184 1888; x_wconf 83' lang='grc'>10)</span> <span class='ocrx_word' id='word_1_173' title='bbox 201 1820 274 1877; x_wconf 87' lang='lat' dir='ltr'><strong>Dies</strong></span> <span class='ocrx_word' id='word_1_174' title='bbox 286 1821 430 1878; x_wconf 89' lang='lat' dir='ltr'><strong>hominis.</strong></span> <span class='ocrx_word' id='word_1_175' title='bbox 447 1823 527 1876; x_wconf 83' lang='lat' dir='ltr'><strong>Diem</strong></span> <span class='ocrx_word' id='word_1_176' title='bbox 541 1822 662 1876; x_wconf 81' lang='lat' dir='ltr'><strong>bominis</strong></span> <span class='ocrx_word' id='word_1_177' title='bbox 675 1835 734 1875; x_wconf 81' lang='lat' dir='ltr'><strong>non</strong></span> <span class='ocrx_word' id='word_1_178' title='bbox 746 1818 903 1876; x_wconf 75' lang='lat' dir='ltr'><strong>desideravi</strong></span> <span class='ocrx_word' id='word_1_179' title='bbox 914 1835 926 1873; x_wconf 91' lang='grc'><strong>.·</strong></span> <span class='ocrx_word' id='word_1_180' title='bbox 939 1827 972 1873; x_wconf 83' lang='lat' dir='ltr'><strong>tu</strong></span> <span class='ocrx_word' id='word_1_181' title='bbox 983 1819 1047 1875; x_wconf 83' lang='lat' dir='ltr'><strong>scis.</strong></span> 
     </span>
     <span class='ocr_line' id='line_1_24' title="bbox 95 1889 1049 1962; baseline -0.004 -13"><span class='ocrx_word' id='word_1_182' title='bbox 95 1891 243 1949; x_wconf 76' lang='lat' dir='ltr'><strong>ier.xv1t</strong></span> <span class='ocrx_word' id='word_1_183' title='bbox 260 1895 300 1947; x_wconf 81' lang='lat'><strong>16.</strong></span> <span class='ocrx_word' id='word_1_184' title='bbox 324 1892 429 1951; x_wconf 89' lang='lat' dir='ltr'><strong>Solent</strong></span> <span class='ocrx_word' id='word_1_185' title='bbox 449 1893 624 1950; x_wconf 67' lang='lat' dir='ltr'><strong>lroee‘rerba</strong></span> <span class='ocrx_word' id='word_1_186' title='bbox 640 1894 683 1947; x_wconf 88' lang='lat' dir='ltr'><strong>ita</strong></span> <span class='ocrx_word' id='word_1_187' title='bbox 699 1890 833 1962; x_wconf 82' lang='lat' dir='ltr'><strong>exponi,</strong></span> <span class='ocrx_word' id='word_1_188' title='bbox 852 1903 916 1946; x_wconf 86' lang='lat' dir='ltr'><strong>non</strong></span> <span class='ocrx_word' id='word_1_189' title='bbox 928 1889 1049 1961; x_wconf 83' lang='lat' dir='ltr'><strong>deside·</strong></span> 
     </span>
     <span class='ocr_line' id='line_1_25' title="bbox 96 1960 1049 2036; baseline 0 -16"><span class='ocrx_word' id='word_1_190' title='bbox 96 1965 158 2020; x_wconf 89' lang='lat' dir='ltr'><strong>rari</strong></span> <span class='ocrx_word' id='word_1_191' title='bbox 168 1980 185 2021; x_wconf 91' lang='lat' dir='ltr'><strong>a</strong></span> <span class='ocrx_word' id='word_1_192' title='bbox 197 1980 230 2023; x_wconf 90' lang='lat' dir='ltr'><strong>se</strong></span> <span class='ocrx_word' id='word_1_193' title='bbox 243 1964 405 2036; x_wconf 85' lang='lat' dir='ltr'><strong>plausum,</strong></span> <span class='ocrx_word' id='word_1_194' title='bbox 419 1965 656 2034; x_wconf 79' lang='lat' dir='ltr'><strong>prosperitatem</strong></span> <span class='ocrx_word' id='word_1_195' title='bbox 667 1963 856 2028; x_wconf 84' lang='lat' dir='ltr'><strong>humanam,</strong></span> <span class='ocrx_word' id='word_1_196' title='bbox 875 1962 969 2018; x_wconf 76' lang='lat' dir='ltr'><strong>vitam</strong></span> <span class='ocrx_word' id='word_1_197' title='bbox 982 1960 1049 2021; x_wconf 82' lang='lat' dir='ltr'><strong>diu·</strong></span> 
     </span>
     <span class='ocr_line' id='line_1_26' title="bbox 89 2033 1050 2105; baseline -0.003 -12"><span class='ocrx_word' id='word_1_198' title='bbox 89 2040 228 2093; x_wconf 82' lang='lat' dir='ltr'><strong>tutttam.</strong></span> <span class='ocrx_word' id='word_1_199' title='bbox 250 2036 310 2093; x_wconf 83' lang='lat' dir='ltr'><strong>Sed</strong></span> <span class='ocrx_word' id='word_1_200' title='bbox 325 2046 398 2093; x_wconf 86' lang='lat' dir='ltr'><strong>cum</strong></span> <span class='ocrx_word' id='word_1_201' title='bbox 411 2039 480 2094; x_wconf 85' lang='lat' dir='ltr'><strong>lons</strong></span> <span class='ocrx_word' id='word_1_202' title='bbox 493 2036 658 2093; x_wconf 84' lang='lat' dir='ltr'><strong>hebraicus</strong></span> <span class='ocrx_word' id='word_1_203' title='bbox 677 2035 789 2091; x_wconf 83' lang='lat' dir='ltr'><strong>habeat</strong></span> <span class='ocrx_word' id='word_1_204' title='bbox 802 2034 876 2088; x_wconf 58' lang='lat' dir='ltr'><strong>&amp;aa</strong></span> <span class='ocrx_word' id='word_1_205' title='bbox 894 2033 1050 2105; x_wconf 66' lang='lat' dir='ltr'><strong>catenato·</strong></span> 
     </span>
     <span class='ocr_line' id='line_1_27' title="bbox 94 2103 1047 2177; baseline -0.001 -14"><span class='ocrx_word' id='word_1_206' title='bbox 94 2122 178 2175; x_wconf 80' lang='lat' dir='ltr'><strong>som,</strong></span> <span class='ocrx_word' id='word_1_207' title='bbox 198 2120 262 2165; x_wconf 87' lang='lat' dir='ltr'><strong>non</strong></span> <span class='ocrx_word' id='word_1_208' title='bbox 281 2107 454 2175; x_wconf 82' lang='lat' dir='ltr'><strong>felicitatis,</strong></span> <span class='ocrx_word' id='word_1_209' title='bbox 474 2109 529 2166; x_wconf 89' lang='lat' dir='ltr'><strong>sed</strong></span> <span class='ocrx_word' id='word_1_210' title='bbox 546 2106 681 2165; x_wconf 77' lang='lat' dir='ltr'><strong>miserie</strong></span> <span class='ocrx_word' id='word_1_211' title='bbox 693 2103 838 2177; x_wconf 89' lang='lat' dir='ltr'><strong>proprius</strong></span> <span class='ocrx_word' id='word_1_212' title='bbox 851 2105 916 2162; x_wconf 85' lang='lat' dir='ltr'><strong>dies</strong></span> <span class='ocrx_word' id='word_1_213' title='bbox 929 2105 1047 2162; x_wconf 85' lang='lat' dir='ltr'><strong>hicest.</strong></span> 
     </span>
     <span class='ocr_line' id='line_1_28' title="bbox 94 2176 1048 2251; baseline -0.005 -14"><span class='ocrx_word' id='word_1_214' title='bbox 94 2181 183 2251; x_wconf 82' lang='lat' dir='ltr'><strong>Quod</strong></span> <span class='ocrx_word' id='word_1_215' title='bbox 200 2180 293 2237; x_wconf 88' lang='lat' dir='ltr'><strong>ctiam</strong></span> <span class='ocrx_word' id='word_1_216' title='bbox 312 2193 385 2237; x_wconf 87' lang='lat' dir='ltr'><strong>com</strong></span> <span class='ocrx_word' id='word_1_217' title='bbox 398 2179 458 2236; x_wconf 85' lang='lat' dir='ltr'><strong>loci</strong></span> <span class='ocrx_word' id='word_1_218' title='bbox 477 2178 557 2239; x_wconf 88' lang='lat' dir='ltr'><strong>serie</strong></span> <span class='ocrx_word' id='word_1_219' title='bbox 571 2177 719 2248; x_wconf 85' lang='lat' dir='ltr'><strong>praeclare</strong></span> <span class='ocrx_word' id='word_1_220' title='bbox 738 2176 882 2234; x_wconf 73' lang='lat' dir='ltr'><strong>cohaeret.</strong></span> <span class='ocrx_word' id='word_1_221' title='bbox 900 2176 1048 2242; x_wconf 81' lang='lat' dir='ltr'><strong>Domine,</strong></span> 
     </span>
     <span class='ocr_line' id='line_1_29' title="bbox 96 2245 1049 2319; baseline -0.004 -12"><span class='ocrx_word' id='word_1_222' title='bbox 96 2250 103 2265; x_wconf 85' lang='lat'>&#39;</span> <span class='ocrx_word' id='word_1_223' title='bbox 172 2251 213 2319; x_wconf 86' lang='lat' dir='ltr'><strong>it,</strong></span> <span class='ocrx_word' id='word_1_224' title='bbox 234 2258 268 2307; x_wconf 92' lang='lat' dir='ltr'><strong>tu</strong></span> <span class='ocrx_word' id='word_1_225' title='bbox 287 2252 368 2318; x_wconf 87' lang='lat' dir='ltr'><strong>seis,</strong></span> <span class='ocrx_word' id='word_1_226' title='bbox 387 2265 449 2308; x_wconf 90' lang='lat' dir='ltr'><strong>non</strong></span> <span class='ocrx_word' id='word_1_227' title='bbox 476 2250 653 2307; x_wconf 84' lang='lat' dir='ltr'><strong>desiderare</strong></span> <span class='ocrx_word' id='word_1_228' title='bbox 678 2253 898 2305; x_wconf 78' lang='lat' dir='ltr'><strong>moerentum</strong></span> <span class='ocrx_word' id='word_1_229' title='bbox 922 2245 1049 2303; x_wconf 86' lang='lat' dir='ltr'><strong>illarum</strong></span> 
     </span>
     <span class='ocr_line' id='line_1_30' title="bbox 92 2317 1049 2394; baseline -0.007 -12"><span class='ocrx_word' id='word_1_230' title='bbox 92 2335 130 2382; x_wconf 86' lang='lat' dir='ltr'><strong>ca</strong></span> <span class='ocrx_word' id='word_1_231' title='bbox 145 2323 320 2392; x_wconf 88' lang='lat' dir='ltr'><strong>amitatam,</strong></span> <span class='ocrx_word' id='word_1_232' title='bbox 330 2338 405 2394; x_wconf 86' lang='lat' dir='ltr'><strong>quas</strong></span> <span class='ocrx_word' id='word_1_233' title='bbox 416 2322 619 2380; x_wconf 76' lang='lat' dir='ltr'><strong>Hebraeorum</strong></span> <span class='ocrx_word' id='word_1_234' title='bbox 630 2318 807 2392; x_wconf 74' lang='lat' dir='ltr'><strong>reipublice</strong></span> <span class='ocrx_word' id='word_1_235' title='bbox 820 2324 874 2376; x_wconf 84' lang='lat' dir='ltr'><strong>tuo</strong></span> <span class='ocrx_word' id='word_1_236' title='bbox 893 2317 980 2388; x_wconf 87' lang='lat' dir='ltr'><strong>iussu</strong></span> <span class='ocrx_word' id='word_1_237' title='bbox 991 2317 1049 2375; x_wconf 84' lang='lat' dir='ltr'><strong>mi·</strong></span> 
     </span>
    </p>
   </div>
   <div class='ocr_carea' id='block_1_6' title="bbox 5 2403 1034 2471">
    <p class='ocr_par' dir='ltr' id='par_1_9' title="bbox 5 2403 1034 2471">
     <span class='ocr_line' id='line_1_31' title="bbox 5 2403 1034 2471; baseline -0.002 -18"><span class='ocrx_word' id='word_1_238' title='bbox 5 2452 7 2471; x_wconf 51' lang='grc'>,</span> <span class='ocrx_word' id='word_1_239' title='bbox 74 2403 186 2453; x_wconf 84' lang='lat' dir='ltr'><strong>¹uatus</strong></span> <span class='ocrx_word' id='word_1_240' title='bbox 201 2409 280 2452; x_wconf 87' lang='lat' dir='ltr'><strong>sum.</strong></span> <span class='ocrx_word' id='word_1_241' title='bbox 1032 2420 1034 2425; x_wconf 96' lang='lat'>·</span> 
     </span>
    </p>
   </div>
   <div class='ocr_carea' id='block_1_7' title="bbox 5 2460 1082 3825">
    <p class='ocr_par' dir='ltr' id='par_1_10' title="bbox 5 2460 1049 2680">
     <span class='ocr_line' id='line_1_32' title="bbox 5 2460 1032 2535; baseline -0.015 -4"><span class='ocrx_word' id='word_1_242' title='bbox 5 2526 7 2531; x_wconf 81' lang='grc'>,</span> <span class='ocrx_word' id='word_1_243' title='bbox 127 2464 186 2534; x_wconf 84' lang='grc'><strong>11)</strong></span> <span class='ocrx_word' id='word_1_244' title='bbox 208 2467 280 2524; x_wconf 85' lang='lat' dir='ltr'><strong>llics</strong></span> <span class='ocrx_word' id='word_1_245' title='bbox 306 2465 477 2535; x_wconf 78' lang='lat' dir='ltr'><strong>agnitionis.</strong></span> <span class='ocrx_word' id='word_1_246' title='bbox 506 2470 566 2523; x_wconf 83' lang='lat' dir='ltr'><strong>Non</strong></span> <span class='ocrx_word' id='word_1_247' title='bbox 579 2464 727 2522; x_wconf 51' lang='lat' dir='ltr'><strong>‘debebant</strong></span> <span class='ocrx_word' id='word_1_248' title='bbox 748 2477 848 2534; x_wconf 84' lang='lat' dir='ltr'><strong>spem,</strong></span> <span class='ocrx_word' id='word_1_249' title='bbox 878 2475 931 2517; x_wconf 82' lang='lat' dir='ltr'><strong>nec</strong></span> <span class='ocrx_word' id='word_1_250' title='bbox 951 2460 983 2517; x_wconf 83' lang='lat' dir='ltr'><strong>in</strong></span> <span class='ocrx_word' id='word_1_251' title='bbox 1001 2461 1032 2517; x_wconf 73' lang='lat' dir='ltr'><strong>aa·</strong></span> 
     </span>
     <span class='ocr_line' id='line_1_33' title="bbox 93 2532 1049 2610; baseline -0.003 -16"><span class='ocrx_word' id='word_1_252' title='bbox 93 2538 276 2608; x_wconf 76' lang='lat' dir='ltr'><strong>agnitionis,</strong></span> <span class='ocrx_word' id='word_1_253' title='bbox 297 2537 348 2594; x_wconf 87' lang='lat' dir='ltr'><strong>die</strong></span> <span class='ocrx_word' id='word_1_254' title='bbox 360 2539 490 2595; x_wconf 84' lang='lat' dir='ltr'><strong>extremi</strong></span> <span class='ocrx_word' id='word_1_255' title='bbox 501 2537 629 2610; x_wconf 81' lang='lat' dir='ltr'><strong>judieii,</strong></span> <span class='ocrx_word' id='word_1_256' title='bbox 652 2535 876 2600; x_wconf 78' lang='lat' dir='ltr'><strong>edocationem,</strong></span> <span class='ocrx_word' id='word_1_257' title='bbox 893 2532 914 2590; x_wconf 91' lang='lat' dir='ltr'><strong>i.</strong></span> <span class='ocrx_word' id='word_1_258' title='bbox 930 2545 958 2590; x_wconf 85' lang='lat' dir='ltr'><strong>c.</strong></span> <span class='ocrx_word' id='word_1_259' title='bbox 972 2544 1049 2591; x_wconf 83' lang='lat' dir='ltr'><strong>con-</strong></span> 
     </span>
     <span class='ocr_line' id='line_1_34' title="bbox 93 2610 886 2680; baseline -0.013 -12"><span class='ocrx_word' id='word_1_260' title='bbox 93 2610 289 2668; x_wconf 81' lang='lat' dir='ltr'><strong>solationem.</strong></span> <span class='ocrx_word' id='word_1_261' title='bbox 314 2611 384 2680; x_wconf 86' lang='lat' dir='ltr'><strong>sap.</strong></span> <span class='ocrx_word' id='word_1_262' title='bbox 405 2620 444 2664; x_wconf 87' lang='lat' dir='ltr'><strong>tu</strong></span> <span class='ocrx_word' id='word_1_263' title='bbox 459 2611 501 2665; x_wconf 82' lang='lat'><strong>18.</strong></span> <span class='ocrx_word' id='word_1_264' title='bbox 875 2611 886 2625; x_wconf 83' lang='lat'><strong><em>‘</em></strong></span> 
     </span>
    </p>

    <p class='ocr_par' dir='ltr' id='par_1_11' title="bbox 6 2679 1047 2753">
     <span class='ocr_line' id='line_1_35' title="bbox 6 2679 1047 2753; baseline -0.006 -14"><span class='ocrx_word' id='word_1_265' title='bbox 6 2698 7 2703; x_wconf 49' lang='lat'>¹</span> <span class='ocrx_word' id='word_1_266' title='bbox 129 2682 186 2749; x_wconf 79' lang='grc'><strong>11)</strong></span> <span class='ocrx_word' id='word_1_267' title='bbox 205 2685 270 2739; x_wconf 85' lang='lat' dir='ltr'><strong>Non</strong></span> <span class='ocrx_word' id='word_1_268' title='bbox 287 2681 374 2747; x_wconf 83' lang='lat' dir='ltr'><strong>dies,</strong></span> <span class='ocrx_word' id='word_1_269' title='bbox 401 2696 502 2753; x_wconf 78' lang='lat' dir='ltr'><strong>neque</strong></span> <span class='ocrx_word' id='word_1_270' title='bbox 523 2693 593 2739; x_wconf 82' lang='lat' dir='ltr'><strong>nox.</strong></span> <span class='ocrx_word' id='word_1_271' title='bbox 623 2679 693 2736; x_wconf 57' lang='lat' dir='ltr'><strong>Erit&lt;</strong></span> <span class='ocrx_word' id='word_1_272' title='bbox 709 2679 767 2735; x_wconf 81' lang='lat' dir='ltr'><strong>cites</strong></span> <span class='ocrx_word' id='word_1_273' title='bbox 785 2692 866 2745; x_wconf 85' lang='lat' dir='ltr'><strong>ana,</strong></span> <span class='ocrx_word' id='word_1_274' title='bbox 894 2686 959 2750; x_wconf 70' lang='lat' dir='ltr'><strong>qua</strong></span> <span class='ocrx_word' id='word_1_275' title='bbox 976 2685 1047 2734; x_wconf 74' lang='lat' dir='ltr'><strong>nota</strong></span> 
     </span>
    </p>

    <p class='ocr_par' dir='ltr' id='par_1_12' title="bbox 90 2751 1049 2825">
     <span class='ocr_line' id='line_1_36' title="bbox 90 2751 1049 2825; baseline -0.004 -16"><span class='ocrx_word' id='word_1_276' title='bbox 90 2752 138 2810; x_wconf 66' lang='lat' dir='ltr'><strong>‘cit</strong></span> <span class='ocrx_word' id='word_1_277' title='bbox 153 2754 297 2819; x_wconf 82' lang='lat' dir='ltr'><strong>Domino,</strong></span> <span class='ocrx_word' id='word_1_278' title='bbox 317 2768 376 2807; x_wconf 82' lang='lat' dir='ltr'><strong>nea</strong></span> <span class='ocrx_word' id='word_1_279' title='bbox 394 2753 477 2820; x_wconf 81' lang='lat' dir='ltr'><strong>dies,</strong></span> <span class='ocrx_word' id='word_1_280' title='bbox 499 2768 592 2825; x_wconf 78' lang='lat' dir='ltr'><strong>nepae</strong></span> <span class='ocrx_word' id='word_1_281' title='bbox 606 2768 669 2807; x_wconf 79' lang='lat' dir='ltr'><strong>nox</strong></span> <span class='ocrx_word' id='word_1_282' title='bbox 687 2767 698 2805; x_wconf 90' lang='grc'><strong>.·</strong></span> <span class='ocrx_word' id='word_1_283' title='bbox 717 2761 745 2807; x_wconf 89' lang='lat' dir='ltr'><strong>et</strong></span> <span class='ocrx_word' id='word_1_284' title='bbox 757 2751 789 2806; x_wconf 79' lang='lat' dir='ltr'><strong>itt</strong></span> <span class='ocrx_word' id='word_1_285' title='bbox 802 2760 930 2821; x_wconf 82' lang='lat' dir='ltr'><strong>tempore</strong></span> <span class='ocrx_word' id='word_1_286' title='bbox 939 2751 1049 2819; x_wconf 73' lang='lat' dir='ltr'><strong>vesperi</strong></span> 
     </span>
    </p>

    <p class='ocr_par' dir='ltr' id='par_1_13' title="bbox 93 2819 1046 2893">
     <span class='ocr_line' id='line_1_37' title="bbox 93 2819 1046 2893; baseline -0.005 -14"><span class='ocrx_word' id='word_1_287' title='bbox 93 2825 151 2880; x_wconf 76' lang='lat' dir='ltr'><strong>erit</strong></span> <span class='ocrx_word' id='word_1_288' title='bbox 172 2826 232 2880; x_wconf 85' lang='lat' dir='ltr'><strong>tara</strong></span> <span class='ocrx_word' id='word_1_289' title='bbox 263 2825 354 2881; x_wconf 79' lang='lat' dir='ltr'><strong>zach.</strong></span> <span class='ocrx_word' id='word_1_290' title='bbox 378 2832 439 2881; x_wconf 71' lang='lat' dir='ltr'><strong>&#39;xiv</strong></span> <span class='ocrx_word' id='word_1_291' title='bbox 460 2845 484 2893; x_wconf 87' lang='lat'><strong>7.</strong></span> <span class='ocrx_word' id='word_1_292' title='bbox 509 2825 583 2880; x_wconf 79' lang='lat' dir='ltr'><strong>Dies</strong></span> <span class='ocrx_word' id='word_1_293' title='bbox 602 2822 781 2879; x_wconf 84' lang='lat' dir='ltr'><strong>aeternitatis</strong></span> <span class='ocrx_word' id='word_1_294' title='bbox 804 2838 812 2879; x_wconf 73' lang='grc' dir='ltr'><strong><em>ε</em></strong></span> <span class='ocrx_word' id='word_1_295' title='bbox 836 2829 904 2878; x_wconf 89' lang='lat' dir='ltr'><strong>tum</strong></span> <span class='ocrx_word' id='word_1_296' title='bbox 928 2819 1046 2875; x_wconf 86' lang='lat' dir='ltr'><strong>dieram</strong></span> 
     </span>
    </p>

    <p class='ocr_par' dir='ltr' id='par_1_14' title="bbox 91 2895 1047 3111">
     <span class='ocr_line' id='line_1_38' title="bbox 93 2895 1045 2968; baseline -0.007 -16"><span class='ocrx_word' id='word_1_297' title='bbox 93 2896 294 2968; x_wconf 84' lang='lat' dir='ltr'><strong>noctiumque</strong></span> <span class='ocrx_word' id='word_1_298' title='bbox 316 2895 496 2953; x_wconf 85' lang='lat' dir='ltr'><strong>vicissitudo</strong></span> <span class='ocrx_word' id='word_1_299' title='bbox 517 2895 678 2953; x_wconf 87' lang='lat' dir='ltr'><strong>cessabit:</strong></span> <span class='ocrx_word' id='word_1_300' title='bbox 698 2901 765 2950; x_wconf 91' lang='lat' dir='ltr'><strong>tum</strong></span> <span class='ocrx_word' id='word_1_301' title='bbox 786 2906 916 2963; x_wconf 85' lang='lat' dir='ltr'><strong>vespera</strong></span> <span class='ocrx_word' id='word_1_302' title='bbox 938 2902 1045 2961; x_wconf 89' lang='lat' dir='ltr'><strong>parem</strong></span> 
     </span>
     <span class='ocr_line' id='line_1_39' title="bbox 93 2963 1046 3037; baseline -0.009 -12"><span class='ocrx_word' id='word_1_303' title='bbox 93 2981 167 3025; x_wconf 89' lang='lat' dir='ltr'><strong>cum</strong></span> <span class='ocrx_word' id='word_1_304' title='bbox 179 2968 310 3025; x_wconf 87' lang='lat' dir='ltr'><strong>meridie</strong></span> <span class='ocrx_word' id='word_1_305' title='bbox 321 2966 424 3037; x_wconf 80' lang='lat' dir='ltr'><strong>lucem</strong></span> <span class='ocrx_word' id='word_1_306' title='bbox 437 2967 573 3025; x_wconf 85' lang='lat' dir='ltr'><strong>habebit.</strong></span> <span class='ocrx_word' id='word_1_307' title='bbox 587 2969 760 3037; x_wconf 78' lang='lat' dir='ltr'><strong>Antequam</strong></span> <span class='ocrx_word' id='word_1_308' title='bbox 773 2964 838 3022; x_wconf 83' lang='lat' dir='ltr'><strong>dies</strong></span> <span class='ocrx_word' id='word_1_309' title='bbox 852 2963 903 3018; x_wconf 89' lang='lat' dir='ltr'><strong>hic</strong></span> <span class='ocrx_word' id='word_1_310' title='bbox 915 2975 1046 3031; x_wconf 85' lang='lat' dir='ltr'><strong>magnos</strong></span> 
     </span>
     <span class='ocr_line' id='line_1_40' title="bbox 91 3032 1047 3111; baseline -0.01 -14"><span class='ocrx_word' id='word_1_311' title='bbox 91 3039 211 3097; x_wconf 87' lang='lat' dir='ltr'><strong>oriatur</strong></span> <span class='ocrx_word' id='word_1_312' title='bbox 225 3081 243 3106; x_wconf 80' lang='grc'><strong>,,</strong></span> <span class='ocrx_word' id='word_1_313' title='bbox 256 3054 341 3111; x_wconf 75' lang='lat' dir='ltr'><strong>aquae</strong></span> <span class='ocrx_word' id='word_1_314' title='bbox 363 3039 454 3109; x_wconf 72' lang='lat' dir='ltr'><strong>(ibid</strong></span> <span class='ocrx_word' id='word_1_315' title='bbox 476 3055 505 3095; x_wconf 84' lang='lat' dir='ltr'><strong>v.</strong></span> <span class='ocrx_word' id='word_1_316' title='bbox 529 3040 545 3091; x_wconf 85' lang='lat'><strong>8</strong></span> <span class='ocrx_word' id='word_1_317' title='bbox 559 3041 575 3107; x_wconf 72' lang='lat' dir='ltr'><strong>t·</strong></span> <span class='ocrx_word' id='word_1_318' title='bbox 588 3038 694 3107; x_wconf 84' lang='lat' dir='ltr'><strong>gratiae</strong></span> <span class='ocrx_word' id='word_1_319' title='bbox 712 3045 743 3094; x_wconf 88' lang='lat' dir='ltr'><strong>et</strong></span> <span class='ocrx_word' id='word_1_320' title='bbox 762 3034 897 3092; x_wconf 76' lang='lat' dir='ltr'><strong>scientiae</strong></span> <span class='ocrx_word' id='word_1_321' title='bbox 913 3032 1047 3088; x_wconf 88' lang='lat' dir='ltr'><strong>coelestls</strong></span> 
     </span>
    </p>

    <p class='ocr_par' dir='ltr' id='par_1_15' title="bbox 90 3104 1082 3185">
     <span class='ocr_line' id='line_1_41' title="bbox 90 3104 1082 3185; baseline -0.012 -18"><span class='ocrx_word' id='word_1_322' title='bbox 90 3126 149 3182; x_wconf 88' lang='lat' dir='ltr'><strong>per</strong></span> <span class='ocrx_word' id='word_1_323' title='bbox 158 3110 261 3168; x_wconf 90' lang='lat' dir='ltr'><strong>omnis</strong></span> <span class='ocrx_word' id='word_1_324' title='bbox 273 3111 470 3180; x_wconf 86' lang='lat' dir='ltr'><strong>orbispartes</strong></span> <span class='ocrx_word' id='word_1_325' title='bbox 482 3109 714 3175; x_wconf 78' lang='lat' dir='ltr'><strong>diffundentur,</strong></span> <span class='ocrx_word' id='word_1_326' title='bbox 728 3115 760 3165; x_wconf 91' lang='lat' dir='ltr'><strong>et</strong></span> <span class='ocrx_word' id='word_1_327' title='bbox 768 3108 821 3162; x_wconf 85' lang='lat' dir='ltr'><strong>stet</strong></span> <span class='ocrx_word' id='word_1_328' title='bbox 835 3108 844 3175; x_wconf 75' lang='lat' dir='ltr'><strong>t</strong></span> <span class='ocrx_word' id='word_1_329' title='bbox 856 3121 884 3161; x_wconf 90' lang='lat' dir='ltr'><strong>v.</strong></span> <span class='ocrx_word' id='word_1_330' title='bbox 900 3104 935 3172; x_wconf 82' lang='lat'><strong>9)</strong></span> <span class='ocrx_word' id='word_1_331' title='bbox 950 3115 1045 3185; x_wconf 72' lang='lat' dir='ltr'><strong>uniam</strong></span> <span class='ocrx_word' id='word_1_332' title='bbox 1076 3128 1082 3148; x_wconf 71' lang='grc' dir='ltr'>ι</span> 
     </span>
    </p>

    <p class='ocr_par' dir='ltr' id='par_1_16' title="bbox 91 3175 1042 3255">
     <span class='ocr_line' id='line_1_42' title="bbox 91 3175 1042 3255; baseline -0.013 -15"><span class='ocrx_word' id='word_1_333' title='bbox 91 3182 173 3240; x_wconf 78' lang='lat' dir='ltr'><strong>ovile</strong></span> <span class='ocrx_word' id='word_1_334' title='bbox 187 3183 244 3239; x_wconf 91' lang='lat' dir='ltr'><strong>sub</strong></span> <span class='ocrx_word' id='word_1_335' title='bbox 256 3195 318 3240; x_wconf 89' lang='lat' dir='ltr'><strong>uno</strong></span> <span class='ocrx_word' id='word_1_336' title='bbox 328 3189 589 3253; x_wconf 59' lang='lat' dir='ltr'><strong>pastoreaunum</strong></span> <span class='ocrx_word' id='word_1_337' title='bbox 603 3194 734 3250; x_wconf 84' lang='lat' dir='ltr'><strong>regnum</strong></span> <span class='ocrx_word' id='word_1_338' title='bbox 748 3178 804 3232; x_wconf 89' lang='lat' dir='ltr'><strong>sub</strong></span> <span class='ocrx_word' id='word_1_339' title='bbox 817 3188 880 3231; x_wconf 84' lang='lat' dir='ltr'><strong>ano</strong></span> <span class='ocrx_word' id='word_1_340' title='bbox 894 3175 1042 3255; x_wconf 65' lang='lat' dir='ltr'><strong>donatum</strong></span> 
     </span>
    </p>

    <p class='ocr_par' dir='ltr' id='par_1_17' title="bbox 92 3250 1042 3399">
     <span class='ocr_line' id='line_1_43' title="bbox 92 3250 1042 3326; baseline -0.015 -15"><span class='ocrx_word' id='word_1_341' title='bbox 92 3254 176 3325; x_wconf 81' lang='lat' dir='ltr'><strong>quod</strong></span> <span class='ocrx_word' id='word_1_342' title='bbox 204 3256 352 3326; x_wconf 86' lang='lat' dir='ltr'><strong>propbeta</strong></span> <span class='ocrx_word' id='word_1_343' title='bbox 362 3254 522 3326; x_wconf 75' lang='lat' dir='ltr'><strong>deinceps</strong></span> <span class='ocrx_word' id='word_1_344' title='bbox 551 3250 852 3323; x_wconf 59' lang='lat' dir='ltr'><strong>sabeltebraicorum</strong></span> <span class='ocrx_word' id='word_1_345' title='bbox 877 3256 1042 3302; x_wconf 77' lang='lat' dir='ltr'><strong>nominum</strong></span> 
     </span>
     <span class='ocr_line' id='line_1_44' title="bbox 93 3324 940 3399; baseline -0.011 -16"><span class='ocrx_word' id='word_1_346' title='bbox 93 3324 239 3397; x_wconf 84' lang='lat' dir='ltr'><strong>allegoria</strong></span> <span class='ocrx_word' id='word_1_347' title='bbox 256 3325 476 3398; x_wconf 66' lang='lat' dir='ltr'><strong>prosequitnra</strong></span> <span class='ocrx_word' id='word_1_348' title='bbox 935 3385 940 3399; x_wconf 33' lang='lat'>⁸</span> 
     </span>
    </p>

    <p class='ocr_par' dir='ltr' id='par_1_18' title="bbox 90 3384 1073 3825">
     <span class='ocr_line' id='line_1_45' title="bbox 128 3384 1042 3473; baseline -0.013 -19"><span class='ocrx_word' id='word_1_349' title='bbox 128 3397 188 3466; x_wconf 75' lang='lat' dir='ltr'><strong>tt)</strong></span> <span class='ocrx_word' id='word_1_350' title='bbox 208 3398 279 3456; x_wconf 85' lang='lat' dir='ltr'><strong>Dies</strong></span> <span class='ocrx_word' id='word_1_351' title='bbox 299 3399 352 3469; x_wconf 87' lang='lat' dir='ltr'><strong>qni</strong></span> <span class='ocrx_word' id='word_1_352' title='bbox 367 3388 777 3467; x_wconf 53' lang='lat' dir='ltr'><strong>formanturfflmpersectom</strong></span> <span class='ocrx_word' id='word_1_353' title='bbox 798 3403 893 3473; x_wconf 74' lang='lat' dir='ltr'><strong>metam</strong></span> <span class='ocrx_word' id='word_1_354' title='bbox 912 3384 1042 3443; x_wconf 66' lang='lat' dir='ltr'><strong>ardedat</strong></span> 
     </span>
     <span class='ocr_line' id='line_1_46' title="bbox 91 3459 1045 3543; baseline -0.01 -19"><span class='ocrx_word' id='word_1_355' title='bbox 91 3470 169 3524; x_wconf 83' lang='lat' dir='ltr'><strong>octtit‘</strong></span> <span class='ocrx_word' id='word_1_356' title='bbox 182 3471 245 3537; x_wconf 82' lang='lat' dir='ltr'><strong>tui,</strong></span> <span class='ocrx_word' id='word_1_357' title='bbox 263 3480 291 3526; x_wconf 84' lang='lat' dir='ltr'><strong>et</strong></span> <span class='ocrx_word' id='word_1_358' title='bbox 304 3471 334 3524; x_wconf 83' lang='lat' dir='ltr'><strong>ia</strong></span> <span class='ocrx_word' id='word_1_359' title='bbox 347 3469 419 3529; x_wconf 82' lang='lat' dir='ltr'><strong>libro</strong></span> <span class='ocrx_word' id='word_1_360' title='bbox 436 3478 487 3525; x_wconf 84' lang='lat' dir='ltr'><strong>tao</strong></span> <span class='ocrx_word' id='word_1_361' title='bbox 498 3482 596 3524; x_wconf 74' lang='lat' dir='ltr'><strong>manes</strong></span> <span class='ocrx_word' id='word_1_362' title='bbox 608 3467 794 3521; x_wconf 78' lang='lat' dir='ltr'><strong>scribentur:</strong></span> <span class='ocrx_word' id='word_1_363' title='bbox 808 3462 865 3516; x_wconf 76' lang='lat' dir='ltr'><strong>dtas</strong></span> <span class='ocrx_word' id='word_1_364' title='bbox 878 3459 1045 3543; x_wconf 71' lang='lat' dir='ltr'><strong>formatura·</strong></span> 
     </span>
     <span class='ocr_line' id='line_1_47' title="bbox 92 3537 1045 3607; baseline -0.009 -11"><span class='ocrx_word' id='word_1_365' title='bbox 92 3549 167 3607; x_wconf 83' lang='lat' dir='ltr'><strong>tor,</strong></span> <span class='ocrx_word' id='word_1_366' title='bbox 186 3550 215 3597; x_wconf 86' lang='lat' dir='ltr'><strong>et</strong></span> <span class='ocrx_word' id='word_1_367' title='bbox 232 3557 316 3597; x_wconf 88' lang='lat' dir='ltr'><strong>nemo</strong></span> <span class='ocrx_word' id='word_1_368' title='bbox 328 3542 358 3596; x_wconf 84' lang='lat' dir='ltr'><strong>ia</strong></span> <span class='ocrx_word' id='word_1_369' title='bbox 370 3543 418 3597; x_wconf 87' lang='lat' dir='ltr'><strong>eis.</strong></span> <span class='ocrx_word' id='word_1_370' title='bbox 439 3544 487 3597; x_wconf 85' lang='lat' dir='ltr'><strong>Ps.</strong></span> <span class='ocrx_word' id='word_1_371' title='bbox 508 3548 656 3598; x_wconf 83' lang='lat' dir='ltr'><strong>cxxxvttt</strong></span> <span class='ocrx_word' id='word_1_372' title='bbox 674 3538 714 3594; x_wconf 79' lang='lat' dir='ltr'><strong>rt.</strong></span> <span class='ocrx_word' id='word_1_373' title='bbox 739 3537 787 3591; x_wconf 78' lang='lat' dir='ltr'><strong>Tu</strong></span> <span class='ocrx_word' id='word_1_374' title='bbox 800 3547 852 3589; x_wconf 92' lang='lat' dir='ltr'><strong>me</strong></span> <span class='ocrx_word' id='word_1_375' title='bbox 866 3537 936 3588; x_wconf 89' lang='lat' dir='ltr'><strong>ante</strong></span> <span class='ocrx_word' id='word_1_376' title='bbox 948 3537 1045 3587; x_wconf 79' lang='lat' dir='ltr'><strong>intue-</strong></span> 
     </span>
     <span class='ocr_line' id='line_1_48' title="bbox 90 3605 1073 3689; baseline -0.012 -21"><span class='ocrx_word' id='word_1_377' title='bbox 90 3611 199 3680; x_wconf 87' lang='lat' dir='ltr'><strong>baris,</strong></span> <span class='ocrx_word' id='word_1_378' title='bbox 219 3627 312 3684; x_wconf 87' lang='lat' dir='ltr'><strong>quam</strong></span> <span class='ocrx_word' id='word_1_379' title='bbox 330 3614 483 3680; x_wconf 85' lang='lat' dir='ltr'><strong>periectos</strong></span> <span class='ocrx_word' id='word_1_380' title='bbox 500 3613 534 3669; x_wconf 93' lang='lat' dir='ltr'><strong>in</strong></span> <span class='ocrx_word' id='word_1_381' title='bbox 554 3608 704 3669; x_wconf 85' lang='lat' dir='ltr'><strong>maternis</strong></span> <span class='ocrx_word' id='word_1_382' title='bbox 723 3605 895 3689; x_wconf 78' lang='lat' dir='ltr'><strong>visceribus</strong></span> <span class='ocrx_word' id='word_1_383' title='bbox 917 3616 1019 3687; x_wconf 78' lang='lat' dir='ltr'><strong>essem</strong></span> <span class='ocrx_word' id='word_1_384' title='bbox 1037 3620 1045 3687; x_wconf 77' lang='lat'><em>3</em></span> <span class='ocrx_word' id='word_1_385' title='bbox 1070 3670 1073 3681; x_wconf 29' lang='lat'><em>¹</em></span> 
     </span>
     <span class='ocr_line' id='line_1_49' title="bbox 90 3678 1073 3742; baseline -0.01 -4"><span class='ocrx_word' id='word_1_386' title='bbox 90 3681 126 3738; x_wconf 90' lang='lat' dir='ltr'><strong>in</strong></span> <span class='ocrx_word' id='word_1_387' title='bbox 141 3683 297 3740; x_wconf 86' lang='lat' dir='ltr'><strong>immenso</strong></span> <span class='ocrx_word' id='word_1_388' title='bbox 315 3683 450 3739; x_wconf 79' lang='lat' dir='ltr'><strong>scientie</strong></span> <span class='ocrx_word' id='word_1_389' title='bbox 471 3692 532 3740; x_wconf 83' lang='lat' dir='ltr'><strong>tuae</strong></span> <span class='ocrx_word' id='word_1_390' title='bbox 549 3688 672 3737; x_wconf 73' lang='lat' dir='ltr'><strong>aeternae</strong></span> <span class='ocrx_word' id='word_1_391' title='bbox 689 3678 849 3736; x_wconf 76' lang='lat' dir='ltr'><strong>volumine</strong></span> <span class='ocrx_word' id='word_1_392' title='bbox 871 3678 1045 3742; x_wconf 70' lang='lat' dir='ltr'><strong>consignata</strong></span> <span class='ocrx_word' id='word_1_393' title='bbox 1068 3685 1073 3694; x_wconf 92' lang='lat'>·</span> 
     </span>
     <span class='ocr_line' id='line_1_50' title="bbox 93 3748 1043 3825; baseline -0.014 -13"><span class='ocrx_word' id='word_1_394' title='bbox 93 3759 167 3824; x_wconf 76' lang='lat' dir='ltr'><strong>spot</strong></span> <span class='ocrx_word' id='word_1_395' title='bbox 188 3753 252 3811; x_wconf 86' lang='lat' dir='ltr'><strong>dics</strong></span> <span class='ocrx_word' id='word_1_396' title='bbox 271 3765 402 3823; x_wconf 87' lang='lat' dir='ltr'><strong>omnes,</strong></span> <span class='ocrx_word' id='word_1_397' title='bbox 425 3753 534 3825; x_wconf 89' lang='lat' dir='ltr'><strong>quibus</strong></span> <span class='ocrx_word' id='word_1_398' title='bbox 555 3748 672 3820; x_wconf 82' lang='lat' dir='ltr'><strong>singuli·</strong></span> <span class='ocrx_word' id='word_1_399' title='bbox 686 3748 831 3808; x_wconf 87' lang='lat' dir='ltr'><strong>homines</strong></span> <span class='ocrx_word' id='word_1_400' title='bbox 852 3753 922 3804; x_wconf 88' lang='lat' dir='ltr'><strong>ante</strong></span> <span class='ocrx_word' id='word_1_401' title='bbox 940 3752 1043 3802; x_wconf 82' lang='lat' dir='ltr'><strong>ortum</strong></span> 
     </span>
    </p>
   </div>
   <div class='ocr_carea' id='block_1_8' title="bbox 0 0 1242 4034">
    <p class='ocr_par' dir='ltr' id='par_1_19' title="bbox 0 0 1242 4034">
     <span class='ocr_line' id='line_1_51' title="bbox 0 0 1242 4034; baseline 0 2"><span class='ocrx_word' id='word_1_402' title='bbox 0 0 1242 4034; x_wconf 95' lang='lat' dir='ltr'><strong> </strong></span> 
     </span>
    </p>
   </div>
  </div>
 </body>
</html>
