2475 4034
185 91 233 164 qs
331 153 337 162 .
467 65 694 131 saansaan.
742 64 838 131 Bran.

181 182 287 256 priore
298 186 441 238 narratur
457 180 530 235 Gen.
546 189 652 237 xxvttt
670 197 702 246 ¹9
725 192 734 234 z
756 178 967 251 appellauitque
988 178 1126 249 (abab,

182 253 248 312 sisa
260 265 470 325 persomnum
484 248 711 316 scalacoelesti)
731 265 834 305 actaea
848 252 925 306 urbis
937 254 1043 319 Betui,
1061 265 1125 324 que
1224 289 1225 338 q

182 325 262 399 prius
275 326 355 386 Luca
374 322 553 389 cacabatum
573 320 799 378 exclamaverat
815 321 924 386 enim:
945 338 1004 386 aaa
1021 332 1064 381 est
1079 324 1126 381 bie

183 393 444 455 abudaisidomus
456 393 556 449 Deir.
576 408 616 460 ¹7·
1106 437 1109 441 Δ

217 470 431 525 Burmannus.
452 466 568 521 Domus
588 462 686 531 panis.
707 461 813 521 Natale
832 463 1068 524 Christisolnm.
1089 470 1126 523 Bt

184 539 383 597 tu'Betbiebem
394 535 522 604 Ephrata
535 534 674 607 parvulus
688 550 717 589 es
733 534 763 591 in
781 535 904 591 millibus
920 537 997 591 iada
1015 554 1026 592 .·
1043 554 1080 593 ea
1096 547 1126 594 te

182 610 252 668 uba
261 605 485 695 egrediaturque·
492 606 531 661 sit
542 605 709 661 άοηιὶηαων
720 606 749 663 ia
761 609 1050 678 praeassignatis
1063 609 1125 680 ejus

183 683 221 739 ab
231 681 368 749 iaitso,o
378 678 473 734 diebus
487 676 666 733 aternitatis.
688 678 778 736 Hich.
794 690 814 735 v
829 695 854 731 a.
877 681 915 734 At
925 678 1001 749 legis
1014 681 1123 806 periti,
1224 723 1225 732 ,

183 754 224 821 de
232 750 350 810 Hessiae
360 748 456 823 patria
466 748 503 807 ab
513 749 633 808 Herode
642 748 823 821 interrogati
833 793 841 817 ,
853 750 1017 822 prophatae.
1030 764 1124 810 ocum

182 823 224 886 ita
232 823 362 881 recitant
382 836 391 878 ε
405 826 441 877 Bt
453 829 487 877 tu
502 822 658 876 Bethlehem
671 822 862 889 sarabaita,
876 837 1057 894 nequaquam
1068 824 1127 879 mi-

181 895 261 956 nima
272 910 301 950 es
312 895 343 949 ia
349 892 523 965 principibus
529 892 604 949 Jaaa
611 907 620 958 3
632 908 669 947 eu·
678 902 707 948 te
717 894 793 949 euim
805 896 881 958 exiet
889 894 969 961 dua,
982 894 1031 966 qui
1038 903 1125 965 regat
1220 950 1226 974 ⁴

182 967 318 1040 populum
330 981 425 1021 meum
435 965 535 1022 asrael.
547 963 651 1023 Hatth.
663 974 689 1020 11
701 966 728 1021 6.
742 966 888 1033 Quidam,
902 965 1030 1026 ducibus
1041 978 1125 1032 sum·

182 1036 348 1114 misviris,
368 1038 554 1108 Hieronymo
573 1051 609 1094 ac
624 1036 742 1096 Thonis
761 1039 930 1107 Aquinate,
952 1036 1124 1106 ignorantia

183 1108 384 1168 etmemoriae
401 1109 493 1178 lapsu·
509 1107 550 1163 itu
568 1109 764 1178 respondisse
783 1108 867 1165 aiunt
882 1108 1046 1178 imperitos
1064 1108 1121 1165 hos

182 1180 260 1251 legis
272 1180 396 1252 peritos.
413 1179 622 1246 hliicensent,
632 1179 791 1238 Michaeam
804 1180 1018 1248 interrogantis
1032 1193 1125 1237 sensu

184 1253 365 1323 scripsisse:
378 1252 459 1322 quod
472 1250 583 1309 acriter
597 1266 633 1308 ac
646 1251 734 1308 docte
744 1260 915 1322 propugnat
927 1252 1045 1310 Hibera·
1060 1250 1127 1307 Pla-

183 1324 311 1384 nlssima
322 1335 397 1384 uero
409 1323 475 1379 haec
488 1328 535 1378 est
547 1322 700 1391 antilogiae
719 1323 848 1389 solutio,
871 1324 1018 1393 oppidum
1036 1321 1126 1380 Beth-

182 1393 285 1453 lehem
295 1409 313 1450 a
325 1393 451 1450 llichoea
462 1408 590 1463 parvum
601 1395 727 1463 quidem
736 1395 813 1460 dici,
826 1403 856 1450 ct
868 1396 979 1461 inisse,
992 1401 1127 1464 spectato

182 1465 245 1525 loci
265 1463 406 1532 ambitu,
429 1473 460 1523 et
479 1463 651 1522 incolarum
672 1465 828 1530 fortunis3
856 1466 911 1521 sed
931 1478 1126 1535 nequaquam

183 1535 328 1605 exiguum
346 1533 427 1608 iuter
440 1534 610 1606 praecipuas
627 1534 720 1592 etiam
738 1535 870 1592 familias
884 1549 920 1591 ac
935 1535 1027 1592 urbes
1042 1537 1128 1592 intu-

183 1621 272 1674 rnm,
292 1603 405 1680 quippe
420 1621 465 1663 ,ex
484 1620 546 1677 quo
564 1607 717 1666 oriturum
738 1607 876 1676 praedicit
895 1606 1128 1666 nominatorem

182 1677 322 1752 israelis,
335 1680 493 1735 AEternum
503 1677 650 1747 ,proinde
663 1677 826 1734 Hominem
839 1680 947 1735 Deum.
962 1678 1024 1733 Gur
1036 1676 1129 1733 adda·

182 1759 234 1810 tur
246 1750 392 1822 bipartita,
410 1757 442 1807 et
454 1750 484 1804 ia
497 1757 579 1804 terra
592 1750 685 1817 dada,
703 1763 742 1805 ea
755 1756 803 1805 est
817 1748 914 1817 ratio,
935 1756 970 1804 ut
982 1748 1020 1805 ab
1032 1746 1128 1805 altera

182 1820 362 1891 Bethlehem
380 1819 589 1888 discernatur,
606 1820 641 1877 in
656 1821 738 1877 tribu
754 1819 890 1879 zabulon
910 1820 979 1877 sita.
997 1820 1127 1889 prrbta
1146 1875 1148 1878 ,
1224 1833 1225 1868 t

183 1900 286 1953 sotem
297 1887 428 1952 alterum
439 1904 551 1949 nomen
561 1900 608 1949 est
616 1892 708 1968 hujus
717 1900 833 1952 nostrae
839 1890 1033 1959 Bethlehem,
1046 1892 1125 1949 dan.

183 1975 270 2026 mil
286 1973 335 2034 19,
350 1972 381 2020 et
392 1974 495 2021 xbvlll
508 1984 534 2034 7.
752 2008 755 2014 .

200 2038 420 2111 ,Barasame
441 2035 517 2112 tiras
538 2034 691 2102 Gatilaeae,
711 2033 845 2105 Philippi
868 2032 997 2105 apostoli
1016 2032 1124 2104 patria.

182 2108 270 2166 ioan.
285 2117 334 2165 ιιι
346 2124 390 2164 aa.
411 2107 463 2165 cui
474 2105 611 2165 Christus
623 2107 728 2164 Matth.
745 2117 779 2162 xi
792 2124 823 2159 si
837 2146 846 2173 ,
859 2114 890 2162 et
904 2109 977 2164 Luc.
992 2116 1014 2162 x
1029 2105 1061 2158 ib
1077 2104 1129 2161 in'·

183 2177 396 2250 islicissimnm
411 2180 464 2236 ilae
475 2178 612 2234 intentat
636 2182 687 2236 Bst
702 2188 800 2236 autem
821 2177 1004 2251 baasoiymis
1021 2177 1130 2249 proba·

184 2249 244 2310 tica
253 2252 381 2323 pucina,
401 2263 463 2325 qua
476 2250 703 2320 cognominatur
719 2250 849 2313 hebraice
864 2251 1022 2307 Bethsaida
1036 2251 1125 2307 ioan.

183 2333 246 2381 vs.
266 2324 400 2381 Hebraico
408 2362 419 2392 ,
439 2322 547 2389 idest,
567 2322 604 2381 ab
616 2322 725 2378 incolis
740 2321 876 2380 Hebraeis
889 2340 898 2387 ;
922 2336 984 2379 non
998 2329 1128 2390 autem,

182 2392 441 2464 immensurata
456 2408 464 2447 :
478 2408 550 2448 nam
566 2392 667 2462 iudea
685 2393 857 2463 captivitate
875 2391 1060 2463 Babylonica
1076 2408 1128 2463 sy-

183 2464 286 2523 riacus
298 2473 363 2521 erat
375 2464 574 2520 Hebraeorum
587 2478 690 2524 sermo
702 2461 907 2530 vernaculus,
926 2478 990 2519 non
1003 2462 1129 2524 hebrai·

183 2548 249 2593 cus.
267 2538 333 2592 Hoc
341 2535 442 2605 ipsum
456 2529 641 2594 vocabulum
651 2534 806 2606 syriacum
814 2542 876 2602 est,
890 2548 949 2590 nec
958 2534 1128 2601 Bethsaida,
1224 2595 1225 2612 χ

185 2606 240 2666 sed
258 2603 417 2672 Ballionia,
434 2599 544 2674 domus
563 2605 749 2678 effusionis:
771 2606 902 2676 quodeo
916 2604 986 2662 loco
1005 2605 1131 2674 sanguis

184 2675 290 2748 ovium
307 2686 338 2733 et
357 2691 507 2747 agnorum
522 2678 733 2746 effunderetur
742 2694 752 2745 ;
769 2678 852 2733 unde
872 2689 1008 2746 graccum
1020 2676 1131 2746 proba·

152 2779 155 2783 ι
184 2748 252 2809 ticac
271 2762 383 2806 nomon
398 2765 406 2805 ε
420 2749 533 2805 Graecis
547 2748 632 2810 enim
646 2751 788 2820 ρφοὸαιοη
800 2748 865 2806 ovis
885 2755 942 2804 est.
971 2750 1071 2818 Atque
1088 2747 1131 2806 ita

185 2819 408 2891 Evangelistam
425 2820 606 2891 scripsisse,
627 2827 808 2890 argomento
821 2818 1132 2889 suntoptimaexem·
1224 2825 1225 2852 ¹

185 2890 281 2962 plaria
305 2893 433 2949 ioannis
446 2906 579 2962 ¹graaaca,
604 2892 638 2949 in
657 2891 767 2962 quibos
788 2906 851 2949 non
876 2890 1052 2956 Bethsaida,
1076 2889 1132 2947 sstl

185 2963 322 3020 Barbesula
333 2972 492 3021 exaratum
504 2960 626 3033 legitur.
651 2964 711 3020 sed
721 2963 838 3022 indocti
848 2962 965 3021 librarii
978 2960 1132 3020 notiorem
1224 3009 1225 3031 ,

187 3033 245 3092 sibi
257 3049 366 3094 rocem
377 3034 603 3094 substituerunt
615 3036 784 3107 Betludda,
809 3035 892 3108 quod
909 3034 1004 3093 solius
1021 3032 1130 3100 urbis,
1223 3076 1225 3099 ,

187 3107 390 3178 nonpiscinae
403 3120 518 3166 nomen
530 3115 586 3165 est

220 3182 313 3239 Briso.
342 3179 489 3250 Quomodo
508 3180 585 3234 enim
608 3174 717 3236 bibistis
737 3173 823 3253 saper
848 3186 975 3236 mmtaa
995 3172 1145 3248 abactam
1224 3197 1225 3230 r

185 3265 299 3322 meum,
319 3251 413 3308 bibent
427 3266 524 3307 omues
539 3245 637 3323 gentes
650 3251 767 3322 jugiter
781 3268 793 3307 .-
811 3260 840 3308 et
853 3252 966 3318 bibent,
986 3250 1133 3306 etabsor-

187 3323 314 3391 bebrant,
333 3332 362 3379 et
379 3332 465 3380 aaut
477 3321 560 3396 quasi
573 3338 633 3379 aaa
648 3323 715 3378 sint.
731 3322 835 3380 Abdiae
846 3339 875 3380 v.
894 3324 935 3379 ιθ.
960 3320 1046 3379 sicut
1056 3333 1132 3387 nos,

185 3404 205 3449 o
224 3394 375 3462 laumaei,
401 3395 506 3453 hostes
524 3394 623 3465 gentis
641 3408 720 3467 meas
738 3393 932 3451 acerbissimi
950 3434 970 3461 ,
989 3392 1028 3449 de
1048 3388 1132 3447 illius

185 3463 277 3544 exitio
289 3461 369 3523 inter
381 3464 519 3524 convivia
531 3465 690 3523 exultastis
700 3484 710 3532 ;
722 3464 764 3522 ita
771 3466 812 3522 de
821 3474 878 3523 tuo
892 3462 999 3536 populi
1010 3460 1130 3528 caten,

184 3535 341 3613 instructis
360 3536 468 3609 stipsi
485 3537 634 3595 conviviis
651 3579 660 3604 ,
685 3536 878 3593 laetabuntur.
905 3538 949 3594 lta
967 3542 998 3590 ts
1015 3532 1132 3589 exhau-

186 3610 286 3672 rient,
299 3612 331 3661 et
342 3604 526 3675 absumerit,
549 3614 582 3668 ut
594 3606 672 3664 nihil
684 3605 839 3677 reliquum
855 3606 911 3668 tibi
926 3602 1037 3666 tacturi
1051 3602 1132 3672 sint,
