2475 4034
418 55 632 124 Cuttuseutu.
682 60 774 128 Dru.
853 109 860 124 .
1001 61 1070 144 ωδ

118 203 124 218 «
158 171 194 238 2)
221 168 369 232 Custodes
391 170 514 230 demus
542 175 577 228 lu
597 172 798 233 disertissimo
823 175 874 234 iile
890 178 1074 252 hypotyposi

119 241 293 302 senectutis
304 240 410 298 lisele.
419 253 467 299 xu
484 262 493 295 1
510 258 576 314 sqq.
593 243 653 301 bec
666 245 759 302 etiem
772 258 961 308 memoratur
974 266 982 307 :
994 267 1074 308 com·

118 314 313 371 movebuntur
325 315 456 369 custodes
467 316 587 382 olomeo,
602 331 714 372 munus
724 325 755 372 et
767 316 911 388 brechio,
926 335 993 391 oute
1004 337 1074 386 eor.

116 389 178 458 pus
204 393 346 442 nostrum
372 387 550 442 custodiunt
570 387 578 442 t
598 397 627 443 et
647 388 794 448 notabunt
818 389 873 446 etri
897 392 1049 462 feceriut
1061 434 1073 465 ,

116 458 225 531 pedes.
242 471 272 512 v.
287 457 313 511 ὅ.
330 455 395 513 vid.
411 457 443 513 iu
456 458 530 515 voe.
548 461 727 516 tenebresco.

116 533 121 538 “
157 527 193 596 3)
213 529 323 585 Custos
337 528 485 585 densete.
507 528 698 600 inclamant,
717 537 748 588 et
760 530 971 592 excubitorem
983 549 1075 596 suum

119 601 234 657 isaiam
250 599 441 681 interrogant
461 618 470 667 ;
490 604 610 668 Cestos,
631 603 701 730 guid
718 603 753 658 de
770 606 873 659 noete?
895 608 934 662 is.
956 616 1013 663 xxi
1032 625 1073 666 ιι.
1128 675 1130 678 ,

120 669 251 731 Gustus!
266 678 358 742 quota
374 681 421 728 est
434 672 533 731 noctis
546 671 623 731 hora
661 681 754 746 quotu
763 675 888 746 vigilie?
902 678 1077 749 Respondet

120 747 226 802 'eustos
246 761 256 800 t
275 743 359 802 Venit
371 760 472 811 mone,
485 754 514 800 et
528 760 589 801 nox
607 762 618 800 :
636 746 663 801 st
678 747 821 822 queritis,
842 748 986 818 querite:
1004 764 1076 805 conv

120 815 284 885 ¹vertimini,
298 816 398 871 venite.
418 815 491 872 ibid.
507 832 536 873 v.
555 833 596 875 ια.
611 819 845 889 Appropinquat
858 832 968 876 aurora
980 836 988 877 :
1001 835 1075 891 part

100 920 104 924 -
121 895 226 946 tomen
239 895 381 958 superest
392 888 510 954 noctis}
522 888 625 959 siquid
634 889 865 962 praedtecopere
875 891 1074 959 desideratis,

120 959 220 1029 agite,
239 967 404 1031 properate
419 974 426 1015 :
439 959 642 1022 maturandus
655 969 799 1033 receptus
812 969 861 1022 est
878 977 886 1018 t
901 962 1021 1031 venite,
1034 977 1075 1024 ne

120 1029 176 1089 lux
189 1045 244 1088 res
256 1031 367 1102 prodet
379 1031 530 1088 hostibus.

156 1104 346 1159 Ciuunbutt.
376 1107 421 1158 Voe
444 1111 532 1157 torre.
547 1103 679 1174 cymbalo
697 1103 835 1170 uterum,
855 1116 919 1176 qeoe
931 1113 974 1160 est
991 1112 1074 1161 tretu

118 1173 242 1250 flamna
266 1176 422 1246 AEtbiopr'ce.
445 1177 485 1230 ts.
505 1186 587 1231 xvttt
607 1194 631 1230 1.
655 1177 785 1232 'ferrem
807 1175 888 1232 hanc
910 1174 962 1234 elii
979 1176 1075 1246 ruisse

120 1248 243 1303 indiam
255 1247 439 1317 opinantur,
460 1245 511 1302 ab'i
523 1250 684 1318 AEgyptum
703 1262 711 1303 ε
751 1246 918 1304 robobilius
931 1245 1053 1305 videtur

119 1317 307 1387 AEthiopiam
320 1318 483 1387 designari.
509 1318 690 1389 cymbalum
708 1262 828 1376 asturum
842 1315 972 1386 dicitur,
993 1283 1075 1389 quod

119 1391 189 1476 ejus
213 1389 287 1456 ulae,
306 1397 384 1446 -tum
404 1398 586 1460 equestres,
606 1399 673 1446 tum
696 1389 841 1457 noveles,
867 1390 1021 1462 tympanis
1043 1397 1075 1445 et

121 1460 220 1519 sutris
237 1469 485 1533 perstreperent,
506 1461 607 1517 inutili
630 1461 793 1533 jactatione
815 1461 950 1530 virium,
973 1475 1075 1533 neque

121 1540 229 1592 contre
244 1532 413 1590 heiminus
427 1533 566 1589 valitura.
1065 1573 1068 1580 .

159 1606 338 1664 eruemus
361 1607 405 1660 lta
424 1607 471 1661 Ps.
496 1613 609 1662 mvn
627 1605 661 1669 45
680 1610 713 1660 et
731 1606 780 1661 Ps.
796 1614 851 1662 etv
863 1605 896 1658 br
913 1616 1075 1674 perperam

118 1676 230 1805 ¹⁰·{ssm
251 1676 401 1752 quidam„
420 1691 437 1731 a
454 1690 506 1733 me
520 1676 627 1747 reiecti
644 1675 761 1732 iuvoc.
789 1677 972 1748 cenomyio,
993 1672 1076 1745 quod

121 1764 156 1807 vt
195 1787 203 1804 .

54 1867 58 1876 ,
158 1821 295 1881 cineum
314 1818 458 1890 Captivus
478 1819 675 1890 transferetur
686 1817 814 1890 poeotes
826 1816 920 1888 Syrie
934 1818 1072 1888 Cyrenen.

122 1883 217 1949 bmds
231 1887 281 1952 15.
295 1891 356 1948 Sed
364 1905 490 1948 rursum
502 1890 667 1957 liberatos,
681 1889 782 1960 inquit
794 1887 961 1953 Dominus,
976 1901 1074 1942 oscen·

120 1965 189 2021 dere
205 1964 261 2049 {eei
262 2001 362 2019 .....
386 1961 522 2036 Syrosde
539 1966 656 2034 Cyrene.
673 1963 767 2018 bmos
783 1970 817 2016 lx
830 1978 856 2027 7.
877 1960 920 2014 Ne
938 1957 970 2013 in
991 1970 1077 2015 erro·

121 2049 190 2092 rem
203 2035 364 2100 reducere,
386 2038 514 2102 Lector,
532 2032 681 2089 beenon
702 2039 750 2086 est
769 2031 887 2102 Cyrene
908 2028 960 2085 iilo
974 2029 1078 2112 Libyae

122 2105 324 2166 celeberrime
334 2145 344 2171 ,
355 2106 443 2176 uude
455 2118 569 2162 nemen
582 2103 639 2160 toti
653 2118 672 2172 p
692 2101 821 2160 evincite
834 2100 1012 2171 Cyrenaicos
1024 2113 1075 2155 m·

122 2178 239 2245 ditum;
253 2177 309 2234 sed
320 2179 438 2249 cyrene
449 2177 482 2232 in
495 2174 659 2232 Medorum
669 2119 821 2243 superio,
840 2185 901 2242 quo
914 2169 1075 2253 Assyrius,

123 2250 228 2309 occiso
240 2249 353 2310 Bosiuo
366 2262 454 2317 rego,
472 2250 566 2322 syros
583 2245 617 2304 iu
634 2243 842 2318 captivitatem
857 2241 982 2300 duxisse
999 2240 1076 2310 legi·

121 2330 175 2380 tur
186 2323 212 2390 lt·
232 2324 305 2396 neg.
320 2330 377 2380 xvt
392 2339 417 2390 9·
434 2367 440 2390 ,

570 2493 626 2574 l).

125 2692 221 2792 Dos.
243 2734 380 2803 otettqoe
391 2731 493 2790 nacte
511 2746 521 2784 .·
540 2727 683 2787 Jodicoeit
695 2726 764 2782 mitri
779 2725 937 2791 nomento,
950 2733 979 2781 et
987 2737 1078 2780 exou-

125 2807 196 2864 divit
209 2823 308 2863 eorem
328 2801 442 2873 meum,
463 2805 535 2858 dens
560 2802 630 2856 ntitas·
648 2800 757 2870 fitium,
778 2814 816 2854 ex
838 2797 910 2854 Belo
929 2797 1079 2851 nimirum

126 2879 242 2938 famulo
263 2895 270 2935 :
288 2889 317 2934 et
332 2877 440 2935 idcirco
452 2874 605 2948 oppetierit
617 2886 720 2928 nomen
733 2872 794 2941 ejus
807 2873 880 2926 Dan.
896 2870 959 2951 Gen
973 2876 1037 2950 ω
1050 2866 1077 2919 6.

126 2954 224 3009 Radix
247 2952 332 3008 enim
349 2950 429 3016 den,
451 2947 534 3005 uude
557 2946 625 3002 Bon
650 2938 1081 3021 oritur,tleBrteispud1core

128 3024 288 3093 siguificat.
309 3018 562 3083 Jtuticoet'totibi,
584 3015 780 3076 hebraismus
794 3018 841 3067 est
863 3026 871 3066 z
890 3009 965 3091 feytt
985 3005 1078 3073 mibi,

126 3096 209 3154 mibi
219 3094 337 3161 adfuit,
360 3110 395 3152 oc
415 3090 510 3149 veluti
523 3086 712 3144 sententiam
725 3096 782 3167 pro
804 3096 855 3137 me
877 3079 946 3144 tulit
968 3083 1077 3131 contra

124 3167 216 3223 ditm
230 3179 389 3231 sororem,
411 3179 451 3219 ne
468 3161 507 3218 eb
525 3174 613 3216 suom
635 3156 865 3214 toecunouatem
878 3150 1078 3210 contemnere

127 3252 221 3313 porro
235 3237 425 3295 sterilitatem
437 3246 541 3292 meam
553 3231 659 3303 possit.

165 3313 201 3379 21
221 3312 287 3367 Bon
301 3317 331 3365 et
341 3303 501 3364 Bersabee.
522 3306 661 3359 Termini
675 3298 707 3353 hi
720 3300 809 3353 erum
821 3290 908 3362 regni
918 3286 1079 3373 Hebraici,

128 3384 196 3439 Dan
211 3381 249 3438 ad
262 3380 464 3452 Aquiionem,
482 3375 635 3432 Bersabee
649 3370 687 3428 ad
704 3372 860 3450 Austrum.
883 3362 1007 3432 Quoties
1023 3359 1083 3429 rgi-

129 3462 180 3510 tur
192 3452 346 3523 legimus,
368 3466 384 3506 o
402 3453 467 3506 Dan
480 3461 579 3518 usque
591 3440 744 3500 Bersabee
766 3458 774 3497 z
794 3435 993 3507 cogitandum
1012 3439 1078 3493 est.

131 3540 187 3599 per
208 3526 371 3582 universos
396 3521 595 3580 Hebraeorum
619 3513 742 3578 tribue,
774 3521 832 3582 per
854 3514 950 3566 totum
971 3513 1080 3562 eorum

134 3596 290 3656 ditionem.
896 3649 931 3705 6·
