2475 4034
543 147 685 217 Gracc.
857 141 860 150 “
899 144 907 153 ’
972 145 1007 158 ’“
1044 159 1047 166 ’

150 325 156 334 ,
178 257 231 334 idi
243 262 351 335 'capnt
364 260 476 334 anguli.
491 264 648 336 Lapidem,
670 281 756 337 qoem
769 267 1001 339 reprobaverunt
1013 149 1100 346 ωαξβὸ·

141 346 259 404 tontes,
279 338 324 392 iric
340 336 438 408 foetus
454 346 499 392 est
513 336 544 391 la
560 345 650 407 capot
667 340 780 406 angarii.
804 344 829 397 A
846 344 969 398 licutino
988 347 1100 415 sactum

140 419 183 464 ert
195 408 281 465 istud
297 411 346 465 Ps.
369 418 461 465 cxvii
478 425 510 461 aa
528 422 574 479 sq.
593 409 784 466 vaticinium
801 411 1047 476 illustrissimum
1060 418 1099 476 de

139 484 215 537 lesu
227 481 359 546 Messia,
380 493 474 550 quem
486 480 644 551 principes
664 491 698 538 nt
710 482 848 554 lapidem
864 484 1007 544 inutilem
1026 503 1099 547 cum

140 552 340 623 repatriant,
357 551 539 621 angularem
551 567 623 609 esse
634 552 774 624 lapidem
787 555 917 613 Divinus
931 561 1022 614 l'ater
1033 560 1099 630 jus-

139 624 198 692 sit,
216 624 269 696 qui
286 623 375 692 begis
401 624 561 696 utriusque
584 626 736 694 parietem
759 627 921 698 jungeret,
942 637 1099 702 totamque

136 696 258 754 molem
268 695 391 753 aedilicii
404 703 597 753 immutaret.
624 697 803 755 celebratur
819 700 870 756 hic
884 700 972 758 locus
989 704 1096 761 Mattb.

140 773 200 824 nxr
213 770 245 832 ta
257 808 266 836 ,
280 770 353 825 Luc.
368 777 411 844 rut
426 785 473 835 ιγ,
495 771 560 825 let.
576 769 760 837 1v11‚ctl.
779 773 859 828 Pctr.
876 783 900 827 u
915 787 939 842 7.

178 840 228 909 11)
243 842 340 913 Caput
352 834 418 899 riae.
433 842 481 896 Ec.
496 851 554 897 xxi
570 858 611 911 ις).
626 846 681 898 list
692 842 810 898 bivium
821 844 1011 916 ‚.quodibid.
1024 861 1052 902 r.
1064 863 1095 900 ιι

139 919 231 983 caput
247 912 379 972 duarum
394 912 532 979 viarum,
553 921 584 969 et
598 914 744 969 hebraico
757 914 915 982 eleganter
932 927 1030 974 mater
1046 920 1099 974 cia

140 984 261 1055 dicitur.
284 987 328 1041 Ex
343 1001 381 1044 ec
394 983 476 1042 bivio
489 984 614 1042 dextera
628 984 897 1056 Hierosolymam,
916 987 996 1045 laura
1016 991 1098 1048 Rab-

138 1055 265 1113 batbam
283 1057 393 1116 urbem
411 1056 584 1129 principem
606 1057 826 1114 ammonitidis
848 1058 961 1115 ibatur.
992 1062 1097 1120 utram

138 1126 251 1185 harum
265 1137 403 1198 peterat,
423 1127 597 1185 consistens
619 1128 661 1184 ibi
680 1128 965 1188 Nabuchodonosor
983 1132 1097 1190 delibe-

140 1201 236 1266 rarit‚
251 1216 379 1272 remque
392 1198 468 1260 scrti
479 1200 641 1270 permisit,
665 1201 784 1271 sagittis
796 1202 879 1258 inter
892 1217 926 1258 se
935 1203 1095 1273 permixtis

140 1272 306 1339 duceudae,
326 1272 474 1343 inspectis
487 1279 591 1329 tamen
610 1272 705 1330 etiam
724 1272 923 1334 victimarum
943 1275 1043 1344 exoa,
1063 1283 1097 1334 nt

139 1339 214 1401 ibid.
228 1345 380 1415 propbeta
394 1351 509 1401 narrat.
1130 1387 1137 1402 .

174 1416 300 1472 Conco.
323 1417 434 1473 Cadent
453 1429 540 1488 super
553 1429 600 1471 eos
623 1416 792 1472 carbones:
816 1417 846 1472 ia
867 1417 965 1490 ignem
983 1418 1096 1489 dejicies

138 1497 210 1544 eor:
222 1488 251 1542 in
264 1489 454 1562 miscrils'aca
467 1487 631 1545 subsistent.
648 1491 696 1544 Ps.
713 1491 836 1548 cxxxix
849 1506 890 1545 ιι.
905 1489 1094 1560 sceleratos,

137 1561 271 1627 olicus,
289 1560 383 1620 variis
397 1571 562 1632 prunarum
577 1561 743 1630 generibus
754 1562 890 1629 obruas,
910 1576 947 1619 ac
959 1562 1095 1634 denique
1165 1625 1172 1636 ,

138 1632 170 1687 in
189 1631 294 1700 iguem
312 1634 379 1692 orci
402 1632 626 1703 sempiternum
645 1632 791 1702 dejicies,
813 1633 939 1705 ecujus
958 1634 1095 1692 miseriis

60 1741 75 1774 ,-
140 1702 322 1771 (hebraice,
342 1705 458 1772 loreis)
481 1717 643 1774 nimquam
655 1709 827 1773 resurgent

174 1776 208 1843 2)
230 1776 370 1844 mando,
393 1785 425 1834 et
446 1776 596 1833 carbones
613 1776 705 1845 ignis.
725 1777 775 1832 Ps.
790 1785 860 1832 xvn
876 1774 917 1831 ιδ.
939 1776 1095 1834 carbones

135 1845 170 1902 ni
182 1847 303 1917 politice
316 1847 389 1906 dicti
403 1856 474 1905 sunt
485 1847 721 1918 tapinomata,
738 1860 815 1918 quos
829 1846 923 1904 veluti
936 1847 1095 1907 ardentem

136 1918 321 1987 grandinem
334 1920 366 1976 in
381 1921 486 1981 nostes
500 1933 574 1976 suos
587 1919 763 1975 immissam
776 1918 873 1975 David
890 1918 923 1973 in
938 1918 1095 1978 luculenta

136 1989 189 2047 illa
206 1990 263 2046 Dei
281 1991 457 2050 liberatoris
476 1991 661 2063 hypotyposi
680 1989 833 2060 proponit.
860 1989 929 2047 'ruli
946 1992 1095 2061 grandine

137 2076 214 2138 nans
226 2065 438 2121 estilominus
457 2072 564 2120 contra
583 2061 738 2133 AEgyptios
757 2077 764 2117 :
784 2063 861 2133 quod
876 2062 952 2120 num
963 2063 1096 2121 mirabile

137 2142 222 2203 etot,
241 2134 272 2192 io
287 2145 389 2208 aquo,
414 2147 478 2209 quta
497 2135 597 2189 ornnic
612 2133 778 2203 extinguit,
801 2134 865 2203 plur
887 2134 951 2203 igni
968 2135 1091 2193 volebat.

135 2207 208 2276 Sap.
226 2213 284 2263 xvi
300 2226 340 2277 ¹7·
368 2209 424 2265 illa
445 2205 718 2274 caramagnae
734 2205 1093 2275 sustinebantvtmtgnts,
1190 2247 1199 2266 .

137 2287 236 2336 moon
252 2279 433 2356 tabescebant
435 2318 491 2336 .....
512 2265 709 2349 iguis'ordecs
726 2277 756 2333 in
774 2276 935 2349 gravidine,
955 2278 1095 2349 esplecin

48 2357 53 2370 ·
134 2359 303 2409 coruscans.
322 2351 394 2409 ibid.
409 2368 438 2409 r.
458 2368 501 2407 ιι.

171 2422 211 2489 ὅ)
232 2421 388 2481 carbones
403 2422 588 2480 desolatorii.
610 2419 661 2478 Ps.
685 2431 763 2480 cxix
779 2423 804 2484 l.
828 2421 982 2478 Carbones
999 2421 1095 2481 vehe—

135 2499 260 2553 menter
280 2504 407 2552 urentes
426 2502 456 2552 et
477 2501 655 2554 exurentes.
673 2493 831 2552 Hebraico
853 2502 919 2560 est.
942 2493 1093 2553 carbones

134 2567 348 2696 genistarum,
369 2568 434 2625 siro
446 2567 683 2638 juniperorum
709 2566 864 2623 carbones
883 2577 922 2622 ex
936 2565 1028 2637 buius
1045 2581 1094 2624 ar·

156 2639 275 2697 usculae
287 2639 444 2697 ‘radicibus
455 2639 570 2696 caloris
579 2639 610 2695 vi
620 2652 733 2708 magna
746 2637 882 2709 pollent,
895 2652 1030 2710 eumque
1040 2638 1094 2700 dist

134 2719 331 2770 conservant.
353 2711 433 2778 Quid
449 2709 627 2778 commod,
646 2709 746 2781 inquit
758 2710 894 2778 Psaltes,
913 2710 970 2768 tibi
986 2710 1094 2767 afferet
1197 2779 1198 2782 Ἴ

134 2781 241 2853 lingua
255 2783 473 2841 fraudulenta?
492 2789 582 2838 acuta
594 2782 814 2851 omnipotentis
826 2781 888 2839 teia
897 2781 930 2837 in
943 2789 973 2836 te
985 2782 1094 2839 couci·

134 2852 1089 2925 tabit,atnammaperniciosissimacarbonibustecruciabit
1162 2859 1165 2866 '

169 2928 205 2996 lt)
225 2927 381 2985 Carbones
393 2933 603 2998 peccatorttmr
622 2930 683 2981 Noa
695 2926 831 2981 incendas
842 2926 981 2981 cardones
992 2939 1092 2995 pecco·

136 3007 258 3066 torum,
276 3011 464 3071 arguentem
482 3013 495 3051 a
514 3007 543 3054 et
554 2997 762 3053 acincmdoris
775 2998 894 3069 tiammo
906 2997 985 3064 iguis
992 3011 1092 3068 pecco·

136 3080 235 3128 torum
252 3071 378 3127 illorum.
404 3069 497 3128 Ecoli.
515 3080 578 3127 vm
599 3067 641 3126 ιδ.
660 3072 737 3127 cum
758 3067 836 3136 legis
857 3066 1021 3124 violatores
1044 3081 1092 3123 ar·

135 3141 372 3213 cucumerum,
387 3142 452 3201 noli
463 3142 496 3198 id
499 3140 588 3269 Iusto
601 3141 759 3199 ardendas
773 3140 875 3195 iacere
888 3175 898 3204 ,
912 3152 951 3221 ue
965 3136 1033 3218 illos
1046 3137 1089 3221 ad

132 3215 214 3273 iram
232 3215 426 3282 inflammes,
447 3222 478 3271 et
511 3216 638 3271 ortassis
660 3215 728 3283 ipse
749 3222 873 3282 quoque
891 3221 1029 3291 rrcrssrm
1044 3221 1091 3265 au·

134 3287 328 3354 dammone,
351 3295 383 3344 et
398 3299 455 3358 per
469 3284 553 3343 illata
576 3286 631 3342 tibi
656 3286 694 3342 ab
715 3283 802 3340 iratis
824 3281 1008 3338 detrimenta
1027 3291 1089 3338 nou

134 3357 246 3416 leviter
258 3359 411 3416 adoraris.
1115 3383 1116 3386 =

171 3430 206 3499 d)
227 3431 381 3488 arbones
405 3442 497 3504 super
516 3435 617 3499 caput.
639 3427 670 3482 st
691 3425 825 3484 esurierit
846 3421 978 3507 tartaricus
999 3430 1088 3491 tutu,

135 3500 199 3558 cibo
211 3502 295 3558 t'llttm
311 3519 323 3557 .·
340 3503 366 3558 si
382 3502 459 3569 sitit,
476 3509 577 3574 potum
590 3500 629 3556 riu
642 3497 700 3567 ittt;
722 3500 775 3553 ltoc
793 3495 869 3552 enim
881 3496 1008 3566 iactent,
1025 3510 1091 3551 cor·

137 3575 220 3630 dones
238 3574 316 3644 ignis
337 3588 475 3646 congeres
495 3588 581 3644 super
601 3580 689 3642 caput
710 3570 780 3640 ejus.
807 3571 894 3626 Rom.
918 3578 966 3624 xit
985 3584 1036 3635 ιο,
1053 3581 1092 3626 ex

136 3645 224 3706 Prot.
239 3657 305 3704 xxv
318 3659 349 3701 ιι
366 3661 410 3718 sq.
431 3644 602 3703 candentes
613 3643 765 3700 carbones
777 3640 811 3696 in
826 3639 926 3697 hostis
940 3646 1032 3710 caput
1044 3639 1090 3696 in·
