2475 4034
397 221 609 291 merosus?
644 224 782 293 8ι>ιιιι,Ι
812 211 831 261 ·.
986 226 1055 301 365

9 371 10 380 ι
72 343 73 346 ’
102 335 239 417 prospere
255 329 395 413 procede,
416 349 445 398 et
460 323 556 413 regno
565 323 588 409 ,·¹
599 341 654 398 sed
667 356 740 399 eum
753 343 948 413 praecedente
961 331 1060 405 versi-

96 416 200 484 ¹culo,
219 421 253 471 ut
269 428 378 470 sensus
395 413 434 469 sit
452 428 460 468 t
481 414 650 484 Accingere
670 414 774 483 gladio
792 423 866 484 tuo,
887 417 941 488 qui
962 417 1058 489 gloria

104 497 156 546 tua
169 530 178 557 ‚
198 494 230 543 et
239 487 332 543 deoor
343 492 416 540 tuns
429 492 486 542 est.

9 603 10 618 χ
97 577 100 585 1
141 564 158 616 2
167 563 180 629 p
204 558 458 631 Visttoosspecr'em
477 565 580 626 toom,
600 573 659 614 non
674 552 812 629 peccabis.
835 559 901 617 Job.
920 570 943 617 v
961 563 1003 627 st.
1026 566 1059 621 si

102 631 230 689 familiae
242 638 303 687 tuae
316 636 494 686 ornamenta
508 628 660 698 intueris,
674 631 736 688 noli
750 647 807 704 per
818 632 997 703 superbiam
1007 641 1060 693 aut

105 718 218 761 ranam
235 700 453 759 confidentiam
466 715 606 773 peccare.
795 772 798 776 ἢ

102 811 107 820 -
143 778 330 833 speciosos.
347 774 537 846 Pinguescent
555 771 735 842 (hebraice,
749 773 919 845 stillabunt)
934 779 1060 848 specioso

105 848 221 904 deserti.
244 848 292 902 Ps.
308 856 384 903 mttv
401 848 441 901 so.
463 847 528 902 vox
547 845 691 903 hebraica
714 854 745 902 ot
763 858 896 917 pasena,
919 858 950 904 et
963 850 1058 907 domi·

103 919 174 978 eilia
187 934 242 976 seu
251 932 340 976 casas
352 917 478 975 indicat.
493 917 658 973 stillabunt
670 933 735 988 prae
748 920 855 989 pingui
872 917 1059 979 abundantia

104 989 153 1048 vel
171 991 203 1048 in
225 990 354 1047 desertis
374 989 452 1047 locis
475 989 613 1060 speciosa
631 1002 766 1061 pascua,
785 991 942 1064 simulque
954 1001 1059 1063 pasto,-

105 1062 482 1134 rumeauiaeetmapatia.
587 1109 590 1113 Δ
694 1077 709 1094 ⁴=
1045 1077 1049 1088 ·

140 1138 174 1203 2)
200 1133 360 1206 Speciosa,
385 1146 442 1204 pro
459 1132 536 1190 urbe
554 1130 670 1191 Ninive.
696 1133 788 1205 soph.
813 1143 839 1190 tt
863 1136 904 1192 ιδ.
929 1134 1056 1195 Ninives

104 1220 219 1264 nomen
231 1206 264 1262 in
277 1206 422 1264 hebraico
436 1245 445 1273 ‚
464 1204 640 1275 chaldaico,
654 1214 685 1262 et
697 1207 805 1276 maenis
820 1219 882 1265 nnn
895 1207 1056 1267 codicibus

105 1281 165 1337 hoe
177 1278 246 1335 loeo
258 1286 365 1335 exstat.

110 1357 113 1362 ’
140 1352 295 1408 senonen.
319 1350 498 1409 iudaeorum
517 1346 619 1419 genn,
645 1346 676 1406 in
699 1349 905 1420 captivitatem
924 1354 1057 1424 emigra·

104 1429 200 1489 turae,
218 1420 318 1479 solatii
330 1436 404 1493 ergo
416 1423 529 1481 dicitur
544 1437 552 1479 t
571 1425 674 1478 Statue
684 1422 735 1478 tint
747 1424 910 1494 speculam,
922 1436 996 1496 pone
1005 1426 1058 1483 titi

105 1495 312 1551 amaritudines
330 1534 341 1563 ,
360 1494 453 1566 dirige
472 1511 523 1552 cor·
544 1502 628 1550 tettan
646 1494 676 1549 in
693 1494 771 1550 riom
788 1505 922 1565 rectam,
946 1499 977 1554 t'n
998 1511 1057 1572 qno

104 1567 262 1623 omiotosti
279 1584 289 1621 .·
308 1577 469 1633 revertere,
487 1567 573 1636 otrgo
590 1567 697 1634 isroot,
713 1569 906 1624 reverterent!
923 1570 1056 1626 civitates

108 1641 173 1710 tros
189 1640 270 1696 istos.
288 1640 350 1695 ter.
378 1648 455 1695 ιλιι
473 1656 516 1695 ιι.
544 1641 642 1695 voees
661 1638 832 1707 hebraica,
849 1655 932 1724 quas
950 1649 1056 1698 noster

105 1713 250 1783 speratam
270 1718 302 1767 et
319 1711 529 1769 ontorttodtnes
546 1710 785 1780 interpretatur,
809 1707 949 1768 indicant*
963 1709 1056 1771 etiam

104 1784 268 1843 coiumnas
278 1791 310 1839 et
321 1782 457 1853 lapides,
477 1783 587 1856 quibus
597 1782 719 1838 viarum
733 1782 828 1853 spatia
842 1797 880 1838 ex
891 1781 1055 1841 intervallo

104 1856 346 1927 distinguuntur.
358 1855 568 1924 tubeturergo
577 1852 641 1911 ntia
649 1852 837 1924 lsrae}‚gens
845 1853 1010 1924 Hebraico,
1023 1864 1055 1913 et

103 1935 207 1986 oertas
221 1927 279 1983 sihi
291 1935 380 1984 notas
395 1934 549 1995 statuere,
563 1926 676 1996 quibus
689 1925 780 1995 dirigi
788 1926 821 1981 in
832 1926 931 1982 reditu
943 1927 1053 1996 possit,

104 1995 1051 2065 meminissemolestiitineris‚oumilludremetiendumtuerit

147 2073 363 2128 srnconarto.
376 2071 436 2126 Pro
449 2071 549 2127 officio
561 2069 717 2139 prophetae
730 2084 786 2126 seu
798 2069 930 2128 doctoris
939 2069 1058 2128 Divinas

102 2141 192 2211 legis.
226 2141 327 2209 Votis,
354 2142 529 2199 sacerdotes
552 2142 646 2209 mali,
660 2141 805 2212 justiciam
828 2150 889 2212 est,
917 2142 1055 2214 qnoniam

104 2214 227 2285 toqoeos
245 2213 318 2284 sacti
333 2214 400 2269 estis
423 2214 635 2285 speculationi,
658 2223 686 2271 et
708 2219 768 2269 rete
792 2227 829 2270 ea
848 2230 952 2269 onsont
970 2230 1055 2285 snper

108 2287 228 2342 Thabor.
249 2286 336 2341 oser
352 2302 374 2340 1.
396 2286 507 2342 contra
524 2286 659 2343 officinm
671 2281 810 2343 restrum
820 2232 983 2356 ‹sesopisns
993 2285 1054 2356 ipsi

103 2356 274 2428 populum,
289 2363 320 2430 et
333 2356 370 2414 ad
383 2371 452 2414 aras
466 2358 596 2414 deorum
609 2356 777 2415 abduxistis
791 2369 800 2413 t
813 2357 940 2428 laqueus
953 2357 1055 2414 fuistis

102 2436 167 2484 tam
179 2428 261 2484 reris
277 2442 355 2485 meae
368 2427 444 2497 tegis
458 2428 655 2496 doctoribus,
670 2443 763 2501 quam
776 2427 857 2500 plebi
870 2443 887 2485 a
901 2427 985 2485 vobis
1000 2428 1056 2485 do-

102 2500 208 2557 eendae
228 2515 236 2556 ε
255 2499 357 2557 inistis
379 2500 475 2557 instar
499 2499 594 2567 retis,
616 2500 749 2570 expandi
775 2499 855 2556 soliti
877 2499 910 2556 in
930 2499 1055 2558 Thabor

92 2578 205 2636 monte
217 2570 368 2640 Galilaeae,
378 2585 563 2639 nemoroso,
576 2580 608 2629 et
619 2572 755 2629 ferarum
766 2570 859 2643 pleno
870 2588 879 2639 ;
892 2571 948 2628 nbi
961 2570 1055 2643 proin

100 2642 116 2698 f
170 2657 244 2701 nens
257 2651 306 2701 est
316 2644 447 2702 venatio,

180 2726 363 2774 nooon'ron.
383 2715 555 2788 Propheta,
582 2714 636 2787 qut
656 2713 832 2787 prospicere
859 2714 1055 2772 imminentia

102 2786 209 2842 israeli
218 2785 298 2842 mala
306 2787 444 2857 debebat,
453 2787 736 2858 utiuheretoavere.
744 2786 1054 2858 speronrornparatm

101 2871 169 2913 som
180 2861 325 2926 Deomeo,
345 2857 433 2928 cuius
447 2866 533 2924 erat,
549 2866 651 2928 partes
665 2859 720 2915 nei
733 2859 829 2924 tueri,
843 2871 917 2914 cum
930 2859 995 2913 Deo
1007 2856 1056 2912 ta·
1132 2872 1141 2885 *

102 2943 194 2998 cere,
213 2932 354 3001 propheto
371 2931 490 3002 toqoeos
506 2930 599 2985 ruine
611 2931 708 3001 foetos
721 2938 764 2985 est
782 2945 868 2999 soper
882 2943 979 2984 omnes
994 2928 1055 2985 rios

101 3002 179 3070 ejas,
190 3001 352 3059 alliciendo
363 3002 512 3072 populum
527 3002 566 3057 ad
577 3001 784 3082 perniciosam
797 2999 967 3058 vitulorum
980 2997 1054 3055 reli-

101 3073 246 3196 gionemg:
257 3072 372 3129 insanio
384 3072 505 3128 nomo
516 3068 957 3144 oetejos,innethe1‚invituli
967 3069 1050 3127 iano.

101 3147 155 3200 Os.
170 3154 204 3200 tx
236 3184 244 3200 .

138 3217 245 3272 Srtnn.
263 3220 422 3273 conversos
433 3230 498 3271 som
510 3216 541 3272 in
553 3229 685 3273 eromrm
697 3232 762 3273 meo
777 3256 788 3284 ,
814 3215 884 3271 dont
896 3212 1055 3286 configitur

101 3287 194 3359 spino.
219 3291 267 3345 Ps.
282 3299 361 3345 xxxt
374 3289 399 3352 t.
423 3289 540 3359 corpus
558 3288 593 3346 in
610 3303 750 3347 aerumna
764 3303 820 3345 sua
833 3302 867 3345 se
879 3294 1004 3353 versat,
1024 3292 1055 3342 et

25 3427 26 3440 χ
102 3357 224 3416 animus
243 3359 282 3417 ad
300 3363 401 3417 Deum
417 3359 626 3429 convertitur,
654 3356 730 3419 num
753 3360 843 3432 spina
864 3356 982 3416 doloris
1000 3369 1053 3413 me

25 3487 27 3544 i
101 3437 300 3574 pegftgzsinae
319 3518 355 3561 se
371 3501 691 3574 complectentem
708 3515 780 3562 eom
802 3500 940 3561 otationo
955 3501 1054 3584 ‘Assy-

100 3572 238 3645 riorum,
258 3576 312 3646 qni
324 3575 407 3633 velut
419 3576 482 3646 jam
492 3576 594 3633 securi
611 3574 650 3632 (io
663 3517 813 3646 eapienXa
827 3574 972 3647 protinus
983 3574 1055 3629 111e·
1102 3583 1107 3592 ·

28 3673 29 3694 ι
100 3645 272 3718 rosolyma,
286 3647 467 3719 impendens
479 3647 537 3704 sihi
549 3656 640 3705 noete
653 3646 793 3716 proxima
807 3645 936 3702 exitium
948 3658 988 3702 ne
999 3655 1054 3701 oo·

101 3717 197 3786 citant
213 3719 337 3790 quidem
359 3735 366 3777 :
386 3721 467 3777 Siout
479 3720 567 3793 spino
578 3733 610 3774 se
621 3718 980 3789 invicemcornpteotnntor
993 3756 1001 3782 ‚
1012 3714 1054 3799 sie

29 3829 30 3840 ι
100 3790 262 3849 oenotriam
281 3805 382 3849 eoram
398 3793 513 3856 pariter
528 3789 696 3852 potanttom
714 3805 726 3843 .·
743 3797 952 3847 consumentur
967 3800 1050 3858 paon
