2475 4034
408 178 532 279 Dico...
546 182 740 259 -Dtnmrns
973 181 1046 292 133
1152 254 1157 265 -

136 300 173 371 2)
190 294 373 360 Maledicere
384 300 556 363 diabolum,
575 307 651 358 Dum
666 303 809 364 maledicit
828 305 931 377 danim
946 308 1047 391 dicia-

91 372 170 441 iarn,
189 374 331 430 maledicit
344 375 401 444 ipse
412 375 542 430 animent
554 390 647 430 suam.
663 375 754 432 Eccli.
770 387 827 433 xxl
840 378 884 433 5ο.
904 379 970 436 lion
983 379 1048 441 dis·

92 445 186 515 plicet
201 445 325 516 quidem
343 460 452 504 sensus
467 484 487 530 ,ὁ
497 445 549 516 qui
567 445 661 516 vulgo
679 447 838 504 sententiae
857 448 930 506 huic
949 451 1046 523 subjl÷

91 517 174 575 citur
191 530 200 575 ς
220 517 295 585 Quia
306 517 398 573 simili
414 517 530 574 malitia
543 516 662 575 laborat
674 518 761 588 ipse,
776 520 846 590 qnia
860 525 975 578 sntauae
988 535 1045 593 per

86 594 256 660 peccatum
272 597 320 646 est
335 588 453 645 similis.
470 589 604 647 Praelero
614 597 720 646 tamen
734 604 808 648 cum
821 590 1001 650 doctissimo
1014 599 1048 650 et

86 659 198 737 „magni
213 658 319 731 judicii
331 659 499 731 interprete
515 661 637 719 ioanne
649 661 784 731 Baptista
798 663 939 722 liamelio
950 676 1046 735 expo·

91 732 237 788 sirionem
245 731 328 789 hano
342 747 351 789 t
364 732 421 800 Qui
430 731 889 802 exsecraturcalumniatorem,
900 749 1046 794 exsecra·

84 809 221 865 'tanseat
238 803 488 875 quandoquidem
506 803 539 859 id
557 802 673 860 iaciens
692 804 760 874 ipse
773 804 807 861 lit
821 806 1043 885 calumniatam

92 881 124 932 ot
135 876 325 935 exsecrando
339 874 544 932 exsecrationi
556 890 589 931 se
602 873 732 945 striijicit⁴

82 988 91 1019 s
127 945 163 1013 3)
182 946 337 1004 »Diabolus
366 954 437 1002 ante
465 946 558 1016 pedes
582 947 649 1003 Dei.
678 947 752 1002 Ante
772 946 876 1017 sociem
899 948 977 1019 eius,
1003 962 1044 1007 ex

94 1016 442 1103 AEgyptoascendentis,
455 1024 487 1073 et
498 1015 614 1087 populo
628 1030 685 1073 suo
697 1026 812 1074 terram
823 1028 960 1080 sanctam
969 1035 1044 1093 pan-

96 1090 214 1157 dentis,
234 1084 289 1145 ibit
301 1104 380 1144 mors
398 1105 408 1142 .·
427 1097 456 1144 et
472 1088 638 1159 egredictur
651 1089 779 1145 dioboim
793 1097 862 1145 ante
907 1092 954 1146 ties
972 1092 1041 1175 ejtts.

92 1161 168 1216 llab.
184 1171 224 1217 ιιι
237 1161 263 1216 5.
282 1160 424 1227 poetice,
441 1168 475 1214 ut
491 1167 539 1216 est
556 1159 633 1217 illud
649 1160 803 1218 canticum
817 1168 864 1232 sty
877 1175 896 1219 o
908 1176 1043 1219 maxime

92 1231 216 1289 excelso
231 1232 384 1314 scriptum
397 1269 405 1297 ‚
418 1230 657 1288 introducuntur
669 1235 751 1289 lllors
765 1240 795 1289 et
807 1232 969 1307 Diabolus,
984 1244 1045 1290 ceu

89 1301 223 1359 lustitiae
238 1301 356 1359 Divinae
373 1301 525 1370 ministri,
546 1302 661 1360 adhoc
678 1305 848 1374 praemissi,
871 1313 906 1360 ut
926 1304 1044 1379 suppli·

81 1375 176 1437 ¹cium
196 1374 235 1431 de
249 1373 428 1431 chananaeis
452 1382 583 1431 stimant.
605 1377 640 1429 ln
663 1374 808 1434 hebraico
830 1383 879 1433 est
895 1377 993 1434 Pestis
1012 1383 1044 1433 et

89 1449 191 1503 Pruna
201 1463 210 1512 ;
222 1444 339 1515 optime
353 1442 476 1515 quidem
491 1460 499 1501 ε
516 1459 589 1501 nam
601 1446 695 1516 pestis
709 1448 834 1505 nomine
846 1462 944 1517 genus
954 1461 1042 1513 mor·

90 1517 128 1573 tis
138 1516 328 1585 ostenditur,
341 1517 586 1588 quocatervatim
595 1519 673 1588 rapti
681 1519 924 1584 suntchananaei
938 1535 946 1577 ι
959 1518 1042 1577 hosti

91 1596 194 1645 autem
208 1589 308 1661 stygio
322 1603 468 1647 concessa
490 1596 559 1645 osse
577 1589 731 1647 indicatur
742 1591 872 1648 facultas
884 1590 1041 1658 nocendi,

90 1667 120 1715 et
137 1675 244 1730 prnnae
258 1659 357 1716 instar
369 1673 498 1731 quaeque
510 1659 598 1717 obvia
612 1663 823 1718 consumendi.
849 1662 1040 1731 nllegorice,
1089 1694 1094 1707 ·

90 1733 172 1787 Mors
186 1739 216 1787 et
229 1732 346 1799 Orous,
363 1747 379 1789 a
392 1732 512 1789 Christo
525 1731 616 1799 victi,
634 1732 699 1803 ejus
712 1733 903 1803 triumphum
916 1738 1039 1788 ornant

122 1805 160 1870 lt)
181 1802 326 1860 Diabolus
344 1805 377 1859 in
392 1802 497 1863 lsrael.
514 1802 539 1858 i.
555 1803 654 1859 Maeli.
674 1804 745 1858 158.
765 1803 872 1866 Gravis
889 1802 1036 1870 offensio,

90 1874 197 1943 ingens
212 1872 432 1933 detrimentum
442 1874 474 1930 in
487 1873 657 1930 Israelitico
669 1874 791 1944 populo.

82 1986 86 1991 -
124 1948 220 2003 Dico.
238 1945 311 2003 Dico
333 1962 387 2015 ego
402 1962 498 2019 opera,
512 1960 577 1999 mea
595 1945 668 2014 regi.
686 1947 735 2000 Ps.
750 1956 826 2001 xilv
839 1946 875 1998 a?
891 1943 1040 2003 Hebraica
1116 1952 1118 1955 ’

89 2024 120 2072 et
139 2030 238 2087 graeca
257 2017 442 2084 ostendant,
462 2014 739 2074 verbumhocnon
753 2015 934 2086 edicendo,
954 2017 1039 2075 seda
1124 2076 1130 2089 ,

90 2088 223 2145 dicendo
237 2089 440 2147 derivandum
454 2102 532 2145 esse.

122 2162 159 2229 2)
178 2163 238 2217 Pro
251 2168 395 2219 statuere.
407 2160 488 2217 Dicit
500 2159 627 2217 tanetus
638 2167 670 2214 at
681 2156 828 2230 deliaqoct
839 2158 869 2213 ia
880 2159 1039 2230 sanctipso.

78 2232 137 2298 [lis
152 2242 240 2289 xxxv
255 2249 279 2287 a.
301 2231 445 2291 Decrevit
459 2175 542 2301 apud
554 2244 588 2287 se
599 2228 705 2300 inique
719 2245 818 2299 agere.
839 2229 920 2286 Dicit
940 2240 972 2285 at
986 2231 1042 2285 rtis·

85 2304 218 2373 perderet
227 2319 283 2361 cos.
305 2306 355 2360 Ps.
372 2313 415 2360 ov
428 2298 471 2359 ai.
493 2303 698 2358 Deneomnes
712 2300 815 2358 delere
827 2300 995 2357 constitnit.
1064 2350 1066 2355 .

122 2375 158 2444 3)
177 2378 237 2432 Pro
250 2375 364 2447 jubere.
391 2378 468 2431 Deus
487 2374 537 2447 qai
553 2373 630 2429 aicit
646 2372 681 2428 tic
696 2372 819 2428 tenebris
838 2374 929 2429 laceat
947 2372 1040 2444 splen·

3 2486 17 2511 .
86 2446 430 2504 deicere.2.cor.1v6.

81 2518 83 2524 ‘
117 2521 155 2588 ,il
178 2520 227 2574 Tu
238 2519 334 2586 dicis;
353 2526 387 2575 tu
400 2517 513 2577 dixisti.
533 2515 702 2577 Affirmatio
715 2524 763 2573 est
775 2515 857 2587 apud
869 2514 1015 2574 liehraeos
1028 2538 1038 2583 ·,

87 2605 116 2662 o.
133 2588 162 2648 d.
184 2591 227 2647 ita
246 2597 309 2657 est,
327 2599 361 2646 ut
373 2590 459 2647 dicis.
481 2589 677 2657 interrogovit
693 2603 758 2645 eant
774 2601 898 2660 preses,
923 2588 1039 2644 dicens:

91 2665 132 2718 Tu
152 2679 181 2718 es
203 2678 259 2718 rex
278 2662 470 2718 iudeorum?
489 2663 556 2721 aicit
575 2662 617 2717 itit
633 2665 714 2717 iesus
733 2676 744 2713 .·
767 2665 807 2715 l'u
830 2661 908 2717 dicis.
932 2659 1037 2718 Mattlt.

88 2744 183 2801 xxvii
201 2750 242 2789 11.
335 2770 340 2779 .

121 2807 353 2870 narencium,
380 2803 444 2862 sive
466 2804 713 2869 didrachmum
738 2801 851 2874 duplex
874 2802 1036 2860 drachma.

86 2878 225 2948 Magister
248 2886 341 2933 aester
361 2892 418 2935 noa
442 2876 525 2931 soluit
548 2876 744 2931 attractant
772 2875 878 2931 Matth.
903 2885 973 2931 xvii
994 2874 1036 2929 25.
1102 2926 1106 2935 ,

87 2949 164 3004 Cum
178 2947 377 3019 Hebraeorum
392 2948 537 3007 drachma
552 2947 659 3016 graecis
673 2946 736 3003 sive
744 2947 843 3002 atticis
852 2945 947 3002 altero
956 2952 1040 3001 tanto
1077 2974 1085 3025 2

86 3020 189 3091 major
202 3020 308 3087 luerit,
324 3032 462 3090 quaeres,
476 3027 548 3074 utro
561 3033 670 3085 sensu,
688 3017 832 3074 hebraico
842 3058 851 3084 ‚
860 3032 904 3073 ‘an
919 3029 1037 3085 graeco,

87 3091 304 3149 didrachmum
317 3090 456 3148 hocloco
467 3089 683 3159 accipiendum
694 3089 741 3146 sit.
756 3088 944 3155 Verumipse
953 3099 1041 3141 sacer

3 3190 4 3195 ¹
28 3214 33 3222 ,
85 3162 253 3221 historicus
267 3161 449 3221 dubitationi
460 3161 616 3228 occurrit,
640 3174 713 3218 eum
732 3159 845 3216 christi
864 3159 902 3213 ad
914 3159 1040 3211 Petrum

68 3235 179 3307 ⁸verba
193 3233 384 3306 moxadjicit
404 3248 412 3289 τ
433 3232 558 3304 piscem,
577 3233 629 3305 qui
639 3232 749 3304 primas
766 3227 936 3293 aramenta,
950 3226 1040 3310 tollen:

85 3317 113 3363 et
126 3315 228 3378 opaco
241 3321 292 3361 ore
303 3305 522 3376 ejas‚‘iavenies
537 3313 699 3361 staterem:
712 3303 793 3357 illum
805 3312 939 3364 sameas,
953 3298 991 3353 da
1001 3312 1040 3351 ets

3 3388 5 3393 ⁴
83 3394 141 3450 pro
152 3394 216 3445 me,
230 3388 260 3435 et
273 3386 308 3434 te.
323 3377 395 3433 ibid.
410 3391 438 3432 v.
454 3375 507 3432 ult.
530 3377 630 3435 stater
643 3381 767 3438 autem,
782 3368 960 3435 sensimus,
975 3375 1055 3437 orat·

84 3450 351 3508 tetradrachmum
371 3446 517 3515 atticum,
536 3462 598 3505 non
620 3445 809 3504 hebraicum.
833 3439 1040 3525 Tetradraoh-

86 3535 175 3579 mum
188 3521 248 3578 hoo
266 3519 407 3588 atticum,
432 3520 497 3577 sive
519 3518 736 3576 didrachmum
757 3513 957 3599 hebraicum,
983 3524 1040 3582 pro

79 3593 208 3649 'christo
221 3591 315 3648 simul
328 3599 358 3647 et
370 3594 461 3648 Petro
474 3590 690 3661 pendendum,
706 3585 859 3645 efflorebat
869 3597 956 3641 asses
970 3597 1041 3640 nos·

86 3671 183 3722 trates
196 3662 321 3720 circiter
332 3661 456 3730 triginta
469 3664 541 3719 duo.
693 3726 699 3739 ·

122 3737 281 3797 Bruttius,
307 3736 444 3802 Thomas,
467 3734 517 3807 qui
533 3731 642 3787 dicitur
663 3726 810 3798 Dtclyrnas.
831 3728 971 3786 Joau.x1
994 3725 1036 3778 ιῡ.
1131 3768 1139 3785 ,
