2475 4034
156 377 161 388 ι
399 207 822 392 usurario.
923 187 1083 385 &4⁸35

41 581 44 592 ·
132 516 277 613 Nititur!
289 546 619 614 homini'Christiano,
641 549 737 607 sacris
758 552 931 622 prasertim
945 553 1007 610 aris
1031 556 1085 612 ad·

135 622 232 687 dicto,
247 620 394 678 solatium
406 636 476 676 esse
489 620 588 690 majus
601 621 634 676 in
647 622 705 679 hac
717 620 778 682 rita
791 633 910 694 potest,
926 640 1019 695 quam
1028 628 1086 684 Dei

134 694 269 750 verbum.
292 694 432 747 Habentes
444 692 549 749 solatio
560 703 676 748 sanctos
690 695 798 761 libros,
820 697 870 767 qui
890 707 958 753 sont
975 699 1005 760 t'a
1018 713 1085 754 utn-

133 766 214 821 nibos
226 764 345 820 auaris.
361 763 387 818 i.
403 765 503 821 hisch,
515 775 563 821 xri
576 784 602 834 p
631 765 745 822 solatio
760 767 820 824 hoc
831 783 872 824 ne
884 767 975 838 plene
991 784 1028 826 ac
1045 769 1084 826 li·

96 853 98 858 ’
133 837 205 894 bere
221 837 281 892 frui
300 849 411 896 omnes
434 837 575 906 possint,
596 835 673 892 illud
692 838 809 904 efficit,
833 839 871 896 de
894 854 956 910 quo
969 841 1086 897 identi-

133 909 205 965 dem
227 907 376 977 conqueri
397 907 562 979 plerosque
583 908 749 975 audimus,
775 910 919 967 Divinam
937 912 1018 969 hanc
1034 912 1085 969 lu·

134 995 205 1041 cem
221 979 393 1050 saepissimo
409 980 595 1041 obscuritate
616 979 768 1049 intercipi.
793 981 971 1051 Nimirum,
1001 985 1084 1055 quod

20 1094 35 1118 2,
133 1052 171 1109 de
199 1051 393 1121 semplosno
423 1051 496 1107 dixit
522 1050 694 1121 Salomon,
720 1053 805 1108 idem
826 1053 865 1108 de
887 1055 1090 1113 sanctissimo

65 1133 67 1138 '
135 1122 298 1193 Utriusque
317 1122 406 1191 Legis
427 1121 586 1179 volumine
611 1124 764 1188 affirmare
784 1124 886 1194 possis
913 1141 921 1180 :
945 1128 1083 1183 Dominus

133 1197 225 1262 daia,
246 1205 278 1250 as
287 1195 431 1256 inhiaret
443 1196 473 1249 ia
488 1196 600 1252 misto.
619 1195 646 1251 3.
662 1198 734 1265 Heg.
750 1206 811 1253 vm
828 1213 868 1252 ra.
883 1199 989 1267 Neque
1001 1211 1085 1254 nunc

134 1269 172 1324 de
194 1282 281 1324 sacra
298 1267 519 1338 mysteriorum
542 1266 674 1336 caligine
697 1267 828 1338 loquor,
854 1270 886 1324 in
910 1283 968 1339 qua
991 1283 1083 1338 penc-

132 1340 241 1396 tranda
262 1343 279 1395 a
304 1345 348 1393 tot
369 1338 482 1394 seculis
505 1339 905 1408 praestantissimal’atrum
928 1344 1089 1411 interpre-.

132 1419 261 1483 tumque
281 1410 405 1478 ingenia
421 1408 648 1470 elaborarunt:
668 1412 722 1467 sed
738 1411 804 1481 ipsa
820 1412 970 1469 vocabula
986 1420 1018 1469 et
1037 1411 1089 1468 lo·.

133 1482 247 1554 quendi
263 1482 402 1550 modus,
426 1482 495 1539 sine
516 1494 653 1554 quorum,
668 1482 751 1540 clara
772 1484 879 1542 notitia
899 1499 1010 1540 sensus
1028 1498 1084 1540 ve-

132 1570 186 1611 rus
206 1568 243 1611 ac
264 1554 409 1625 proprius
429 1552 545 1618 oboriri
562 1553 688 1611 lectoris
708 1554 812 1613 animo
833 1556 963 1626 nequit,
989 1570 1089 1625 poree*

132 1625 275 1696 asinitate
293 1640 348 1681 sua
370 1625 510 1682 insuetos
532 1633 563 1684 et
584 1625 761 1683 hesitantes
782 1626 963 1697 impediunt
992 1626 1025 1683 id
1045 1640 1084 1683 ea
1124 1657 1126 1662 ·

132 1698 171 1755 de
187 1712 283 1755 causa
302 1696 427 1764 evenit,
453 1696 537 1767 qnod
555 1697 740 1768 interpretes
760 1698 864 1755 Divini
881 1697 974 1754 fontis
992 1711 1082 1754 reve-

132 1770 231 1827 rentia
247 1767 353 1835 ducii,
376 1768 532 1838 primevae
549 1768 663 1839 linguae
685 1769 812 1839 phrasin
832 1769 990 1842 retinuere
1008 1783 1083 1838 pas·

131 1842 191 1898 sim
205 1884 214 1911 ,
235 1848 327 1924 atque
340 1839 382 1896 ita
394 1831 498 1896 latinis
514 1840 615 1897 verbis
628 1854 692 1900 non
712 1854 785 1900 raro
794 1855 920 1910 graece,
938 1838 1088 1896 hebraice·

130 1927 207 1975 vero
223 1911 302 1970 loeis
319 1911 498 1973 innumeris
511 1910 607 1970 locuti
629 1919 709 1969 sunt
741 1911 863 1968 Utinam
883 1910 1006 1982 quidem
1023 1910 1090 1972 oba.

130 1983 285 2048 naculum
311 1982 373 2040 boc
398 1982 532 2040 sentiant
552 1996 685 2049 omnes,
709 1995 749 2037 ex
773 1995 883 2042 eorum
907 1982 1090 2052 praesertim

130 2069 282 2121 numero,
309 2053 593 2125 quorumofflcium
606 2061 672 2120 est,
692 2052 748 2114 Dei
763 2054 894 2109 verbum
906 2053 1020 2124 populo
1032 2053 1090 2112 in·:

131 2126 294 2197 terpretari
318 2140 327 2181 τ
350 2125 384 2181 hi
404 2124 510 2192 enim,
535 2126 561 2182 si
582 2125 682 2188 sontes
703 2136 766 2182 non
791 2123 936 2189 videant,
962 2123 1089 2182 rivulos.

131 2204 368 2263 consectentur,
378 2196 468 2253 facile
481 2195 637 2266 olimpido
647 2195 831 2264 sinceroque
843 2207 939 2249 sensu
952 2193 1082 2258 abeunt,

129 2278 163 2326 et
172 2268 204 2325 in
220 2268 411 2339 explananda
425 2267 575 2326 sententia
590 2265 652 2324 sibi
665 2264 978 2336 aliisquaimponunt
990 2261 1090 2326 ,Acri-2

129 2347 177 2396 ter
189 2340 227 2399 id
238 2340 467 2412 Hieronymus,
491 2338 642 2396 ductoria
660 2334 898 2407 interpretandis
913 2333 1089 2405 scripturis.

130 2412 249 2469 Divinis
262 2410 436 2479 maximus,
456 2410 600 2470 innatatis
613 2424 677 2470 suae
689 2407 960 2466 concionatoribus
972 2421 1089 2477 repre-v·

130 2483 258 2551 heodit,
286 2489 317 2539 et
334 2482 498 2552 indignans
521 2482 562 2539 ad
577 2481 741 2538 Paulinum
759 2482 848 2552 epist.
878 2490 939 2538 cur
955 2479 1080 2543 scribit:

125 2567 154 2620 i«,
167 2545 321 2626 Quidquid
339 2554 493 2622 dixerint,
513 2553 574 2611 hoc
589 2553 690 2623 legem
702 2553 758 2608 Dei
772 2560 906 2623 potants
928 2566 986 2607 nec
1000 2551 1083 2608 scire

130 2645 145 2678 ι
168 2627 356 2696 dignantur,
372 2626 449 2697 quid
465 2625 641 2697 prophetae,
665 2624 739 2695 quid
754 2623 884 2695 apostoli
903 2622 1056 2679 senserint
1069 2636 1088 2678 :²

125 2718 145 2749 s
167 2699 223 2756 sed
246 2698 287 2783 ad
304 2712 431 2782 sensum
456 2711 546 2753 suum
566 2697 736 2783 incongrua
756 2704 860 2766 aptant
881 2694 1079 2779 testimonia:

127 2768 1079 2912 :1iii{sitibitdiitihiiiihititidiliiii:

132 2938 142 2959 ι
167 2922 269 2970 turam
287 2913 413 2988 trahere
429 2920 664 2982 repugnantem.
685 2931 698 2961 a
718 2911 854 2981 Cumque
872 2910 985 2965 horum
1007 2920 1079 2963 ora-

131 2985 247 3050 tionem
257 2985 397 3042 consutis
406 2998 445 3052 cx
454 2986 590 3042 Homero
598 2981 785 3052 virgilioquc
798 2981 980 3038 centonibus
994 2992 1079 3034 com-

131 3066 293 3127 parasset,
315 3057 356 3112 ita
374 3056 501 3128 pergit:
528 3076 541 3106 α
560 3055 692 3111 Praecilio
708 3061 780 3109 sunt
796 3054 882 3120 baec,
904 3060 935 3107 et
949 3047 1088 3106 circula.

10 3103 11 3114 ἵ
28 3132 47 3188 ·.
131 3150 154 3196 υ,
165 3135 270 3198 torum
287 3127 362 3185 iudo
379 3127 512 3195 similia,
533 3128 646 3189 docere
662 3126 744 3196 quod
762 3125 887 3192 ignores
903 3162 912 3188 ,
934 3122 1020 3185 imo,
1046 3124 1084 3172 ut

132 3215 239 3267 scum
260 3200 421 3258 stomacho
439 3198 566 3270 loquar,
589 3213 630 3255 ne
647 3198 708 3254 hoc
726 3194 851 3266 quidem
870 3193 973 3256 scire,
998 3188 1082 3259 quod

49 3293 56 3303 ·
131 3293 145 3322 a
166 3271 297 3330 nescias.
319 3293 332 3321 a
354 3270 434 3328 Alibi
447 3284 571 3342 quoque
588 3270 732 3326 eamdem
751 3264 850 3323 seculi
869 3263 919 3346 sui
932 3260 1084 3345 desidiam

131 3342 260 3402 inhunc
274 3343 404 3401 modum
423 3341 562 3413 deplorat
579 3357 587 3402 z
612 3363 625 3390 a
645 3335 804 3409 Loquendi
825 3333 971 3416 iacihtate
989 3338 1083 3388 inter·

125 3435 145 3466 a
166 3423 325 3486 pretnmur
338 3415 484 3472 ausiacter
496 3453 506 3481 ,
520 3414 603 3485 quod
614 3422 813 3482 nequaquam
831 3405 1043 3474 intelligimus.
1065 3424 1079 3454 u

134 3488 186 3556 th.
207 3490 234 3542 H
251 3488 284 3543 in
298 3487 387 3557 epist.
410 3484 525 3546 addai.
545 3485 578 3542 in
592 3499 619 3540 c.
640 3484 678 3547 bi
700 3485 799 3550 Atque
817 3478 900 3534 istud
910 3478 1083 3561 ‘iiominum

129 3557 327 3629 geuusmilhs
346 3558 434 3615 anuis
445 3564 517 3628 post
532 3556 759 3623 Hieronymum
781 3550 992 3621 superfuisse,
1013 3557 1083 3631 'tes-

131 3638 213 3687 tatur
225 3645 261 3689 ac
279 3626 552 3687 dolctFranciscus
572 3625 707 3688 Dibcra,
729 3636 810 3676 unus
829 3636 847 3677 e
865 3627 1081 3692 praestautlssi-
