2475 4034
172 130 241 214 132
460 136 626 209 &aarum
670 138 830 209 Esrrssia.

101 254 105 261 ’
163 251 402 319 'estiom'lerrem
414 252 622 324 anememat'es
640 269 680 314 no
693 297 702 326 ,
716 270 790 314 oum
805 249 922 315 venero
932 299 942 326 ‚
953 254 1125 322 damnatio*-

165 332 222 391 nis
236 331 420 389 sententiam
432 330 464 387 in
478 342 532 387 eos
542 328 750 400 monendam.
765 328 836 385 Mal.
851 339 895 387 ιν.
910 330 937 385 5.
952 345 1009 402 ιφ
1032 382 1034 389 ,

202 404 356 461 -Emuzum
378 405 499 474 Moyses
511 408 543 457 et
554 401 692 471 sephara
706 400 805 457 lilium
817 415 912 458 snum
925 401 1056 460 alterum
1067 415 1126 462 vo·

167 485 282 534 aarum
293 475 410 532 Eliezer
422 488 430 530 τ
444 478 520 529 Deus
533 473 610 529 enim
620 472 715 544 patris
727 472 784 528 mei
794 474 918 545 adjutor
925 489 1006 531 meus
1018 474 1125 547 eripuit

166 562 219 605 sne
235 548 271 605 <le
282 545 568 613 maurianensis,
591 545 691 603 aiebat
709 547 840 617 Moyses.
860 547 955 605 llxnd.
973 556 1000 603 rr
1020 560 1065 605 aa.
1079 547 1126 607 lili

138 618 142 629 “
169 619 290 694 quippe
308 617 452 678 hebraice
464 625 511 674 est
522 618 605 675 Deus
617 631 731 685 mens,
755 621 821 672 ezer
836 619 993 675 auxillum.

166 717 171 723 ·
212 691 328 749 Eiron.
352 689 502 747 Dominus
520 689 621 746 vineae
637 692 646 758 l
660 692 848 761 synagogae)
863 692 969 761 lapides
982 689 1070 763 elegit
1087 705 1125 747 ee

169 763 239 821 llle.¹
255 766 294 819 ls.
317 775 339 821 v
358 780 383 818 a.
404 762 554 831 rongaria
569 774 640 819 eam
660 759 778 831 lapides
791 761 974 832 ejiciendo,
997 778 1054 819 seu
1066 804 1076 831 ,
1090 770 1125 827 ut

171 834 310 892 Pliniana
331 848 407 892 roco
426 842 517 905 utar,
540 831 705 903 elapidayit
722 851 730 900 ;
750 841 781 890 et
802 834 950 906 quidem,
970 842 1005 891 ut
1024 843 1072 891 est
1089 835 1122 891 in

167 906 339 976 hebraico(
357 906 427 979 qaia
440 907 472 962 in
490 904 577 974 Pieli
595 918 710 974 magno
722 905 833 963 studio.
859 906 1035 976 Allegorice
1050 921 1124 963 sen-

167 992 241 1036 sum
257 979 356 1036 reddit
371 991 521 1051 perquam
532 977 729 1047 ingeniosam
748 978 919 1039 subustus
933 993 972 1035 ex
991 976 1122 1035 eeclesia
1235 981 1238 994 ’

168 1051 347 1179 enormibus
362 1059 470 1131 vocata
489 1049 864 1123 studiosissimeprojecit
882 1064 975 1109 saxea
992 1050 1124 1108 deorum

170 1137 254 1182 samu
268 1138 353 1182 aera.

208 1198 344 1255 Euruoo.
367 1197 411 1250 lie
431 1193 570 1264 gentium
593 1194 652 1252 diis
671 1208 681 1251 r
704 1194 886 1252 caelavere
905 1187 1008 1252 eor-nin
1025 1192 1125 1251 diram

169 1267 299 1337 elegea
317 1275 485 1337 serpentes,
506 1267 557 1339 qui
570 1266 605 1321 ale
626 1276 708 1323 terra
726 1276 808 1323 suat.
830 1272 899 1324 Bar.
919 1279 955 1326 vl
977 1286 1017 1338 ¹9·
1040 1268 1127 1338 Saepe

170 1338 339 1397 simulacra
353 1336 480 1394 metallo
498 1336 623 1394 inducta
639 1337 740 1394 lutum
753 1339 836 1395 intus
854 1340 998 1397 celabant
1014 1354 1023 1396 ε
1044 1338 1127 1411 synod

167 1419 356 1479 serpentes,
379 1408 464 1466 vesci
482 1408 693 1476 tetrasemi,
719 1408 888 1467 lambendo
906 1411 1121 1469 absumebant.

168 1479 451 1551 quemadmodum,
468 1478 522 1536 ubi
533 1478 644 1549 ligneae
655 1488 744 1537 erant
756 1488 886 1552 stalnae,
905 1483 1080 1541 medullam
1090 1491 1125 1545 el

169 1549 314 1619 imaginis
335 1551 444 1607 intima
466 1565 590 1608 vermes
610 1550 792 1609 eradebaur.
1046 1567 1055 1577 ³

205 1625 351 1681 Euouoo.
376 1622 525 1678 indulsisti
542 1623 624 1695 genti
636 1622 804 1693 impiorum
818 1624 937 1679 Domine
948 1660 960 1692 ,
980 1625 1126 1683 indulsisti
1189 1668 1191 1672 Α

170 1695 273 1769 genti,
297 1694 466 1752 benenciiis
485 1708 556 1751 eam
571 1694 736 1752 cumulans
758 1704 771 1753 i
790 1711 851 1750 nun
873 1696 921 1750 niel
938 1697 1010 1755 ideo
1033 1696 1071 1753 ab
1087 1712 1125 1755 ea

171 1767 424 1839 glorificatorem?
444 1765 664 1824 Nihilominus
685 1766 722 1824 ab
741 1764 838 1824 illiso
861 1782 955 1824 ensus
969 1782 1027 1836 es,
1047 1775 1128 1826 tam·

170 1841 229 1898 etsi
239 1847 276 1897 ta
287 1839 433 1913 elongasti
444 1853 541 1895 omnes
555 1839 694 1896 ternainos
707 1848 811 1903 terre,
832 1840 910 1896 sanes
928 1853 1039 1896 eorum
1058 1854 1127 1898 am-

170 1912 340 1986 plilleasti,
357 1919 496 1981 stagras
516 1925 552 1967 aa
569 1910 674 1967 vineas
697 1910 845 1980 adiecisti.
870 1914 909 1968 is.
932 1911 1071 1969 xxviii.
1120 1922 1123 1927 ·

62 2030 68 2043 .
168 2010 172 2019 ·
208 1985 393 2052 Euoouruu.
417 1982 589 2054 neptrlall-
607 1982 1126 2056 -··aanseloqulapulclritudinisi

169 2055 247 2186 ssyen‘
267 2066 352 2114 aaut
373 2057 418 2113 ab.
439 2068 587 2127 promens
599 2052 760 2126 eloquium
771 2064 917 2113 ornatum
929 2097 939 2125 ,
952 2056 1126 2127 facundus,

205 2136 319 2186 sertus.
1002 2140 1005 2145 ’

208 2201 414 2261 Eursssnrns.
436 2199 523 2257 Dabit
538 2199 705 2257 emissarios
720 2212 808 2271 super
824 2200 1022 2258 lauretianam
1035 2200 1129 2258 Getis

172 2272 277 2330 doinus
287 2272 428 2331 mendacii
440 2273 471 2328 in
484 2273 676 2342 deceptionem
688 2275 804 2342 regions
818 2274 917 2330 lsrael.
939 2274 1031 2331 Micia.
1051 2278 1065 2330 i
1084 2275 1125 2339 sl.

172 2343 252 2402 Male
276 2345 455 2416 explicant,
481 2344 590 2414 quide
614 2357 688 2414 rege
707 2345 855 2417 Assyri03
878 2360 952 2402 nam
973 2344 1052 2402 debit
1075 2346 1129 2403 be·

172 2414 278 2474 braiao
297 2416 436 2473 feminini
451 2424 498 2471 est
510 2415 655 2485 generis,
676 2422 709 2472 et
722 2417 806 2475 baud
819 2417 912 2474 dubie
927 2414 1128 2475 referendum

171 2486 332 2545 adurbem
345 2487 476 2553 bachis,
500 2487 538 2543 de
557 2501 616 2559 qua
635 2501 728 2544 versu
744 2489 949 2561 praecedente.
971 2491 1053 2557 lirgo
1073 2486 1128 2545 alii

172 2556 237 2617 slot
251 2559 359 2615 bachis
373 2559 471 2614 mittet
479 2558 703 2625 internuntios,
721 2560 775 2631 qui
787 2559 942 2631 suppetias
958 2558 1126 2617 aliethaeis

172 2637 300 2700 petant}
320 2631 374 2688 sed
387 2630 499 2686 frustra
514 2645 522 2686 s
535 2629 626 2688 lallax
639 2632 698 2688 erit
714 2631 782 2689 haea
798 2647 868 2703 spes
882 2674 891 2700 ,
914 2640 946 2688 at
958 2631 1034 2688 urbs
1047 2631 1127 2690 lietb

172 2715 260 2770 reges
279 2702 402 2760 lsraetis
418 2700 569 2758 destituet
591 2704 631 2758 At
648 2717 758 2761 sensus
771 2704 823 2762 bio
841 2703 982 2761 vocabuli
1004 2703 1127 2761 eruisse·

172 2772 235 2830 rios
247 2774 326 2832 adeo
337 2782 438 2831 tortus
449 2781 518 2841 ast,
531 2781 567 2831 ut
577 2775 765 2846 persuadere
777 2775 854 2833 mibi
874 2775 912 2833 de
934 2776 1127 2848 Hieronymo

172 2845 255 2904 nulla
271 2846 389 2903 ratione
401 2846 541 2918 possim,
562 2846 698 2904 voluisse
713 2845 803 2904 illum
816 2848 862 2905 sie
876 2861 915 2904 eo
931 2846 1016 2904 abuti
1029 2889 1038 2916 ‚
1053 2862 1127 2907 eum

172 2918 310 2991 proclive
330 2917 462 2984 inisset,
488 2917 633 2988 legatos,
656 2926 818 2987 oratores,
841 2919 1059 2978 internuntios
1077 2920 1127 2977 di-

172 3003 253 3047 nera.
265 2990 415 3048 ‘cumillis
425 2991 542 3058 sentio,
558 2991 611 3062 qui
626 2991 805 3049 emissarios
816 3004 872 3063 pro
897 2991 946 3048 rie
956 2990 1124 3064 accipiunt

172 3063 282 3122 bachis
301 3061 379 3119 urbe
400 3063 440 3120 ab
455 3061 588 3134 Assyriis
612 3069 764 3135 occupata
783 3103 792 3130 ‚
816 3007 992 3136 martisque
1010 3063 1128 3122 civium

172 3133 351 3201 trucidatis,
374 3135 479 3192 caeteri
497 3134 703 3191 servabuntur
720 3134 863 3204 captivi,
887 3143 919 3192 et
941 3137 993 3208 qni
1015 3135 1128 3196 exilire

173 3200 236 3278 apli
251 3207 457 3276 videbuntur,
481 3206 519 3264 ab
536 3207 670 3277 Assyriis
688 3205 823 3264 ducibus
845 3206 879 3267 ia
901 3208 1060 3278 maionem
1072 3209 1128 3266 Ge·

171 3279 285 3336 tlraeam
295 3292 355 3337 una
368 3278 521 3337 onmsuis
533 3277 684 3337 militibus
697 3290 866 3336 excurrere
882 3288 1050 3350 cogentur,
1061 3287 1128 3337 tum

174 3351 215 3408 ad
224 3360 295 3408 eam
309 3344 550 3421 explorandam,
563 3355 631 3406 tum
644 3351 683 3407 ad
695 3351 816 3421 praedas
827 3351 899 3408 indo
914 3352 1058 3420 agendas.
1083 3353 1128 3408 lta

174 3422 286 3480 bachis
298 3423 478 3479 emissarios
490 3422 524 3477 in
536 3422 647 3478 urbem
653 3423 732 3479 Gelli
743 3422 964 3494 suppeditabit,
976 3422 1128 3495 perlldam

173 3501 209 3549 et
220 3493 345 3550 noxiam
363 3493 476 3563 populo
496 3493 642 3563 israelis,
665 3492 793 3566 ejusque
812 3494 946 3564 regibus.
1033 3532 1036 3539 -
1100 3534 1103 3537 -

178 3591 184 3599 ·
209 3565 358 3621 durssros
369 3567 453 3623 cant.
468 3575 503 3622 ιν
520 3565 560 3621 ri.
575 3566 758 3635 Propagaaio
769 3581 826 3623 seu
838 3566 1037 3650 procreatio,
1058 3562 1129 3621 bert

170 3626 315 3701 bamma
331 3635 487 3694 fructuum
509 3676 518 3707 ,
542 3635 713 3711 stirpium,
739 3643 774 3694 ut
797 3636 909 3696 demde
938 3648 1129 3696 commemo·
1234 3656 1236 3703 J

176 3706 271 3757 Μίαν.
286 3779 291 3795 ¹
