2475 4034
219 114 298 197 &36
550 124 677 192 straus,
726 122 833 192 [svo.

219 243 316 305 ‹llrma
328 238 373 297 illl
389 247 461 297 sunt
478 239 618 297 membra
635 246 721 309 μη.
738 240 772 297 'si
786 239 837 298 tel
855 238 894 297 atl
909 239 1024 298 ostium
1038 240 1179 300 numinis

219 313 344 370 ‘ilelatus
360 310 486 378 fueriti
497 325 648 383 aquarum
669 311 830 368 incursae
850 311 901 369 via
921 327 976 369 sua
994 326 1057 370 non
1075 314 1180 371 dimo-

226 382 343 441 veatur.
363 383 419 439 vel
437 399 446 439 ς
465 396 506 439 ne
526 380 852 454 quidemiulminante
868 383 948 440 coelo
962 391 1120 453 terretur,
1141 393 1180 442 ut

222 462 464 515 ,retrovertatur
480 457 555 511 'cum
563 455 696 511 sublatus
707 455 817 526 fuerit,
830 468 902 512 eum
912 455 1059 514 verticem
1071 469 1179 513 erexe-

226 528 288 595 rit,
314 527 352 584 ad
372 540 506 597 pugnam
538 527 687 594 irruens,
722 527 863 585 timebunt
884 527 1008 597 angeli,
1032 526 1178 589 hebraice

226 600 342 671 fortes,
362 608 391 655 et
407 598 503 653 territi
513 599 730 671 [irrigabuntur.
747 613 776 656 v.
800 601 841 665 ι6.
861 598 953 655 etiam
967 598 1177 656 robustissimi

220 671 340 742 quique
351 669 409 728 viri
421 670 591 736 timebunt,
612 684 707 742 seque
719 670 933 740 excusabunt,
949 679 1107 727 certamen
1121 669 1178 726 de-

218 749 400 801 trectantes.
426 740 504 798 Solis
523 741 625 799 radios
645 744 654 812 (
670 757 698 800 v.
716 758 747 795 ιι
763 743 771 810 )
785 757 917 799 excussa
930 741 1126 814 impulsaque
1143 743 1179 799 iu

226 813 322 883 altum
342 828 420 885 aqua
445 812 581 882 obtegit,
609 821 646 870 ut
668 829 707 871 ex
725 813 850 885 obliquo
869 813 970 871 videri
991 820 1176 884 nequeant:

219 893 256 942 et
271 898 382 942 aurum
393 884 560 955 ,aliasque
571 899 692 943 merces
728 885 965 954 retiusissimas‚
986 885 1103 942 eversis
1119 898 1179 941 ua»

225 956 313 1028 vibus
332 956 420 1027 quasi
437 957 537 1014 lutum
554 956 683 1015 inmari
701 902 857 1028 riburgis
879 956 1026 1014 sublimia
1046 968 1176 1028 quaeque

224 1026 354 1099 despicit
366 1069 374 1096 ‚
384 1032 399 1097 'l
410 1042 438 1086 v.
455 1028 507 1084 'ult
520 1031 528 1095 l
542 1030 656 1101 quippe
664 1030 807 1101 princeps
821 1028 1001 1086 animalium
1012 1028 1175 1099 omnium,

226 1100 319 1157 etiam
337 1101 653 1171 superbissimorum‚
679 1116 746 1173 quae
764 1101 797 1157 in
818 1098 900 1158 mari
919 1108 1015 1167 suut;
1042 1115 1097 1154 rex
1115 1115 1178 1156 om-

225 1173 306 1228 nium
329 1172 524 1244 aquatilium,
553 1180 589 1229 ut
606 1180 731 1231 vertunt
751 1185 823 1230 ιιι.
848 1175 946 1233 sensu
965 1170 1095 1245 mystico
1113 1179 1177 1237 tota

224 1245 292 1301 haec
310 1244 485 1303 Leviatbaui
505 1244 605 1303 deseri
628 1246 670 1302 tio
690 1252 829 1303 satanam
850 1243 1011 1314 significat.

223 1360 226 1366 .
261 1318 301 1383 il
326 1315 481 1372 Suscitare
506 1261 681 1374 Leuiatiran.
709 1317 879 1383 Maledicuat
902 1318 955 1383 ei,
988 1315 1072 1372 nocti
1096 1329 1178 1373 meaa

224 1387 356 1458 primae,
376 1401 436 1457 qua
449 1384 524 1444 oriri
540 1388 643 1457 coepi,
666 1389 717 1461 qui
734 1388 909 1445 maledicunt
923 1388 996 1455 diei,
1014 1389 1063 1460 qui
1076 1389 1179 1460 parati

223 1459 452 1513 suntnsuscitare
465 1459 630 1515 Leviatbaa.
652 1461 718 1518 iob.
735 1461 810 1517 1118.
831 1460 888 1529 Qui
899 1460 1065 1518 Leviutlian
1081 1459 1177 1527 etiam

224 1529 276 1586 hie
288 1542 357 1585 esse
370 1529 518 1586 balaenam
533 1540 684 1598 censent,
706 1541 816 1591 nautas
829 1531 1023 1600 intelligunt,
1043 1530 1107 1602 jam
1120 1545 1178 1602 pa-¹

224 1604 307 1671 ratos
321 1600 359 1656 aii
372 1600 588 1658 insectandum
604 1611 711 1658 cetum
728 1619 737 1659 τ
753 1604 845 1672 quisi
867 1603 1027 1675 repentina
1039 1609 1179 1677 tempes-

224 1678 316 1730 tatea
328 1673 486 1744 proposito
499 1680 649 1742 cogantur
662 1661 832 1741 desistere}
850 1689 904 1745 spe
917 1674 1031 1744 proedae
1045 1673 1177 1745 delecti,

220 1743 396 1815 ,maledictis
421 1753 552 1802 onerant
576 1744 659 1802 diem
687 1743 745 1802 sibi
769 1745 949 1802 infaustum.
981 1745 1058 1830 Quid
1079 1760 1176 1813 uero,

223 1816 325 1887 inquit
342 1816 374 1873 iu
392 1817 475 1874 hune
494 1816 598 1874 locum
612 1816 731 1875 subtilis
747 1818 909 1888 Mariana,
934 1817 961 1872 si
972 1815 1179 1887 simplicissime

223 1888 372 1955 dicamus,
393 1890 549 1945 Leviatbaa
567 1890 714 1945 canticum
732 1889 920 1959 significare,
940 1888 982 1944 sic
996 1890 1084 1958 vulgo
1098 1888 1179 1944 inter

224 1961 354 2033 Hebraeos
363 1960 472 2033 dictum
477 1962 525 2029 ,in
536 1976 593 2035 quo
602 1962 921 2029 multoeexsearatimaes
929 1958 1178 2016 continebantur?

223 2031 317 2087 Addit
331 2032 401 2103 eius
423 2035 521 2102 gentis
546 2033 769 2104 proverbium,
794 2036 860 2090 lton
881 2032 993 2089 debere
1009 2031 1175 2091 mullerem

224 2101 362 2173 diesesto
375 2105 524 2171 suscitare
538 2105 712 2162 Leviatbau.
729 2107 809 2161 Saue
820 2104 940 2161 liebraei
954 2103 1096 2160 doctores
1105 2114 1177 2171 pas·

224 2175 285 2230 sim
304 2176 460 2231 leviathau
482 2177 625 2234 suscitare
641 2176 882 2249 interpretantur
899 2175 938 2232 de
954 2173 1173 2231 lamentatione

224 2254 256 2302 et
288 2247 472 2304 uerimonia.
703 2278 717 2301 .·
742 2278 746 2293 ι
791 2260 793 2265 ·
987 2276 991 2284 ·
1148 2273 1151 2279 ·

228 2318 242 2360 Γ
260 2262 484 2387 zqt'teviaihan
501 2335 638 2392 serpens.
658 2325 691 2377 lu
712 2315 826 2377 die'itta
842 2320 968 2378 visitabit
988 2319 1125 2381 bossinus
1144 2317 1175 2375 ia

224 2388 325 2459 giiiiio
333 2405 387 2445 suo
400 2390 474 2445 duro
487 2432 496 2459 ‚
515 2401 543 2447 et
555 2393 683 2460 mandi,
701 2402 729 2448 et
741 2394 833 2465 sorti,
849 2406 934 2461 super
948 2390 1104 2444 Leviatbau
1116 2404 1176 2443 ser·

222 2458 480 2529 pe’ateiuwctem,
499 2471 527 2517 et
541 2477 627 2531 super
642 2462 796 2518 beviutban
809 2470 968 2532 serpentem
987 2466 1174 2526 tortuosum,

224 2537 252 2583 et
269 2529 377 2585 acates
396 2541 513 2597 cetum,
532 2534 626 2605 quiin
641 2534 720 2588 mari
736 2543 788 2591 est.
809 2534 848 2588 ls.
870 2538 961 2588 xxvii
977 2546 999 2582 ι.
1017 2527 1176 2591 iudicium

222 2598 377 2672 indicatur
393 2601 430 2667 de
443 2609 549 2657 satana
562 2618 573 2670 ‘,·
594 2611 730 2672 coeptum
742 2604 774 2661 in
791 2602 915 2659 Domini
930 2613 1044 2668 cruce,
1062 2607 1094 2657 et
1104 2613 1175 2656 ma·
1236 2638 1237 2651 2

223 2683 284 2740 gno
304 2669 359 2737 ille
374 2671 424 2726 die
439 2673 687 2742 perficiendum,
710 2688 772 2747 quo
789 2687 898 2733 coram
916 2671 1095 2730 homiuibus
1110 2685 1178 2729 am·
1236 2676 1237 2687 ¹

222 2741 314 2803 tiibus
335 2741 474 2799 christus
491 2744 591 2800 iudex
614 2743 717 2814 gladio
737 2747 800 2804 uris
818 2746 873 2809 ¹sui
897 2758 970 2801 eum
992 2748 1175 2813 prosternet.

223 2813 341 2891 Dicitur
354 2829 479 2885 serpens
496 2815 548 2873 hic
560 2817 701 2889 marinus
713 2817 860 2876 immanis
875 2858 884 2885 ‚
911 2823 1091 2881 seuerius,
1110 2827 1178 2870 set·-

222 2902 300 2958 peus
312 2888 429 2955 vectis;
449 2888 521 2959 quia
533 2889 768 2947 robustissimus
783 2890 878 2947 ‹lrace
890 2928 899 2957 ,
913 2894 946 2945 et
957 2887 1059 2945 aalide
1076 2883 1178 2941 iuclu-
1235 2906 1236 2941 t

222 2959 379 3030 siens'eos,
393 2973 470 3032 quos
482 2958 817 3030 aliquandoatliuieros
828 2960 968 3018 detraxit
983 2961 1174 3033 tortuosum

225 3030 375 3102 appellat,
399 3031 470 3104 quia
490 3032 749 3091 versutissimum.

259 3104 363 3161 thtls.
380 3105 456 3160 lavis
473 3113 516 3159 est
532 3119 620 3177 super
635 3107 740 3177 faciem
752 3118 842 3179 aquit.
857 3104 924 3162 tob.
946 3112 1025 3159 xxiv
1040 3100 1082 3156 til.
1098 3099 1175 3154 Con·

224 3182 292 3231 texe
304 3188 377 3231 cum
394 3175 603 3247 superioribus
622 3191 630 3233 z
649 3178 702 3248 qui
717 3178 848 3236 crimina
869 3191 923 3232 sua
940 3181 1091 3230 nocturna
1109 3183 1175 3254 per·

226 3246 382 3317 seqnitur,
401 3255 465 3304 tam
478 3246 537 3303 levi
551 3260 587 3304 ac
600 3262 752 3319 suspenso
763 3248 843 3318 pede
854 3245 1009 3311 illabitur,
1030 3251 1094 3299 tam
1108 3253 1174 3297 seue

224 3331 338 3384 sensu,
362 3325 502 3386 utsupra
520 3331 606 3388 aquae
619 3319 814 3390 superficiem
830 3317 974 3374 incedere
992 3314 1142 3371 videatur.

260 3390 358 3446 antt.
379 3389 488 3444 Sedebit
503 3389 676 3457 solitarius,
696 3400 724 3446 et
740 3390 868 3445 tacebit:
889 3387 957 3459 quia
971 3384 1072 3441 levavit
1091 3396 1176 3453 sttper

225 3473 263 3513 se.
288 3460 362 3515 Thr.
390 3470 429 3515 ιιι
454 3461 496 3515 28.
524 3464 613 3527 Neu,
644 3469 677 3517 ut
699 3460 790 3517 multi
815 3465 924 3516 ascetae
941 3469 1055 3524 magua
1074 3453 1177 3518 duee,

225 3526 336 3597 levabit
351 3530 387 3584 'se
403 3544 495 3600 super
510 3545 543 3586 se
558 3549 567 3596 t
589 3532 662 3599 sed,
683 3531 753 3601 quia
771 3531 877 3600 iugum
893 3527 1005 3601 letpvit
1019 3538 1174 3595 superse,

226 3611 303 3721 iffi
316 3612 439 3669 poeuam
458 3599 613 3659 servitutis
632 3617 648 3659 a
667 3604 731 3660 Deo
751 3601 808 3658 sibi
823 3599 1001 3671 impositam
1021 3596 1174 3668 patienter
