2475 4034
315 100 498 169 Terrenum.
546 99 781 170 Tennnno'sns.
946 100 1022 196 ‚381

72 203 158 284 cium
176 221 186 290 i
205 231 306 277 eorum
319 218 350 273 in
363 216 459 273 secubo
472 253 486 283 ,-
502 215 571 272 vitae
589 216 769 286 praesentis,
788 226 820 274 et
835 218 954 278 intuear.
975 224 1024 278 Ps.

73 303 163 353 ιω
182 293 222 348 ι6.
240 290 322 363 quod
334 291 367 346 in
379 288 505 359 persidis
523 288 638 345 tudaeis
651 296 721 359 post
732 296 777 346 tot
789 289 892 348 secula
904 290 1027 365 impleri

73 365 291 500 Qffflsg‘ffl
316 432 419 488 Omnes
436 432 558 488 tenebrae
577 430 751 489 absconditae
768 442 837 490 sunt
855 433 885 489 in
907 435 1025 491 occultis

77 509 151 579 eius.
169 506 237 563 ioh.
260 515 304 561 xx
323 505 365 558 26.
390 505 503 559 omncs
518 502 655 559 teneura
671 517 734 560 non
750 506 902 562 sufficient
919 506 959 562 ad
974 520 1027 564 oc·

78 577 162 662 culta
172 576 276 648 impiis
290 575 406 632 scelera
420 574 636 632 abscondenda
651 576 866 646 :proferentur
877 576 910 632 in
923 575 1026 635 lucem

78 664 193 718 omnia.

113 725 342 779 Tnnnnnnsco.
371 719 535 791 Antequam
556 718 734 775 tenebrescat
749 719 814 786 soi,
839 729 897 778 etc.
921 720 1022 780 Eccle.

77 804 125 852 ιιι
140 811 165 849 2.
179 795 270 850 Juvat
283 791 343 848 hoe
355 790 425 848 leco
439 830 447 854 ‚
464 791 507 845 uti
521 791 633 860 saepius
646 791 677 846 in
691 792 750 848 hac
764 792 875 848 Lexico
894 793 1026 863 sparsim

76 864 229 935 promisi,
251 870 348 920 totam
367 857 512 930 aoiiigere
530 862 815 930 ingeniosissimum
834 862 920 920 ittam
941 866 1027 921 senii

75 934 308 1021 Hypotyposin,
326 948 420 1004 quam
432 932 577 991 salomon
590 933 695 1005 capite
709 935 817 992 ultimo
833 936 1027 993 ecclesiasta

74 1008 207 1079 reliquit
228 1011 365 1066 Memento
386 1006 516 1062 cratoris
536 1006 581 1061 tui
603 1007 633 1061 in
653 1007 750 1063 diebus
765 1008 926 1076 juventutis
946 1017 1025 1075 tute,

74 1089 232 1152 coaequam
249 1078 347 1135 ueniat
360 1087 469 1151 tempus
485 1078 671 1148 afflictionis,
694 1086 816 1148 tempus
834 1081 1023 1147 senectutis,

75 1161 104 1207 et
116 1151 347 1224 appropinquent
359 1150 447 1219 anni,
461 1150 608 1222 dequibus
620 1150 719 1218 maus,
738 1155 798 1209 Non
810 1152 878 1207 mibi
889 1152 1025 1223 placent:

78 1226 127 1293 iv.
146 1242 170 1279 ι.
188 1228 368 1296 >antequam
382 1224 560 1279 tenebrescat
572 1224 638 1291 soi,
661 1224 821 1291 etlumen,
838 1234 867 1280 et
882 1226 977 1290 tuna,
995 1234 1029 1291 et,

75 1295 165 1351 steila
173 1312 186 1364 ;
201 1304 229 1352 et
241 1303 428 1351 rmertantur
439 1296 527 1351 nubes
538 1296 748 1369 postpuutam.
765 1301 774 1362 (
787 1311 814 1353 v.
828 1301 873 1361 a.)
891 1295 1024 1365 caligan-

74 1373 121 1423 tes
134 1365 216 1424 oculi
229 1367 303 1424 satis
316 1366 376 1436 iam
387 1368 546 1438 percipere
558 1367 662 1425 lucem
675 1382 737 1424 non
747 1375 910 1437 poterunt;
928 1368 1025 1424 distil-

74 1437 203 1496 lationes
217 1438 284 1495 aliae
294 1438 367 1495 alias
380 1447 608 1510 consequentur
623 1459 631 1498 ε
644 1441 761 1513 quando
770 1440 1027 1500 commovebuntur
1042 1449 1046 1456 ⁴

75 1512 204 1567 cctstoues
217 1511 337 1580 anain,
356 1525 467 1567 manus
480 1522 512 1567 et
526 1509 651 1570 brachia
670 1519 804 1569 trement
818 1527 826 1569 ε
839 1523 868 1569 et
880 1513 1025 1569 nutabunt

69 1583 131 1639 ⁴riri
142 1583 313 1654 fortissimi,
330 1583 516 1642 vacillabunt
532 1584 628 1654 pedes
643 1599 651 1641 :
664 1594 693 1641 et
705 1585 803 1641 otiosa
814 1594 901 1643 erunt
913 1586 1025 1641 mobea-

75 1666 116 1710 tes
131 1655 162 1711 in
180 1656 293 1712 minuto
305 1671 449 1725 numero,·
467 1655 573 1712 dentes
589 1655 682 1727 pauci
697 1698 705 1724 ,
727 1656 811 1727 iique
826 1656 952 1714 hebetes
967 1672 975 1713 ε
995 1666 1025 1713 et

75 1729 266 1785 tenebrescent
275 1728 401 1785 videntes
411 1743 464 1800 per
475 1728 625 1799 foramina
638 1768 647 1795 ,
658 1726 743 1787 oculi
757 1727 856 1788 aciem
868 1728 1026 1786 amittent:

67 1804 85 1867 ⁴(
96 1816 125 1857 r.
138 1801 163 1856 5.
179 1802 188 1869 t
209 1812 237 1857 et
250 1802 382 1857 ctoutieat
398 1800 475 1857 ostia
487 1815 636 1857 sensuum
649 1798 680 1855 in
695 1801 813 1871 platea,
830 1800 976 1868 insacia,
992 1807 1026 1859 et

73 1871 156 1931 circa
173 1871 258 1930 iilam
275 1892 284 1939 ;
306 1874 336 1928 in
352 1874 515 1930 bttmiiitute
530 1873 605 1929 vocis
619 1872 774 1940 molentis,
802 1872 877 1929 dum
891 1885 951 1930 vax
966 1853 1039 1931 erit‘

72 1951 162 2001 tenus
175 1985 185 2013 ,
198 1945 301 2001 debito
314 1944 490 2016 adiumento
503 1944 643 2002 dentium
655 1959 764 2002 carens
783 1960 791 2002 t
806 1955 834 2002 et
847 1954 1025 2015 consurgent

74 2015 112 2070 ab
128 2031 225 2072 rocem
243 2017 366 2072 volucris
386 2034 396 2070 :
415 2018 454 2073 ad
471 2015 543 2085 gatti
561 2025 688 2075 cantum
707 2016 804 2088 fugiet
822 2030 949 2074 somnus
969 2033 976 2073 :
996 2026 1026 2074 et

74 2087 275 2144 obsurdescent
285 2104 380 2144 omnes
390 2090 454 2158 titia
465 2089 603 2146 carminis
611 2108 624 2157 ,-
635 2104 742 2157 anres‚
756 2105 825 2161 quae
834 2089 1024 2147 carminibus

74 2159 163 2229 pasci
184 2160 307 2226 soient,
334 2161 434 2217 ossicio
450 2176 531 2230 aegre
550 2162 725 2231 iungentur.
749 2165 803 2231 (v.
824 2162 850 2224 b·
873 2162 882 2228 i
903 2163 1025 2219 Eacetsa

74 2246 186 2303 petoque
205 2233 366 2300 timebunt,
386 2242 414 2289 et
428 2232 626 2304 forntidobuat
639 2234 670 2289 ia
682 2234 729 2291 uia
741 2252 752 2301 ,·
765 2234 916 2290 timebunt
928 2234 1024 2291 ardua

75 2304 249 2372 scandere,
275 2306 339 2362 imo
354 2312 385 2360 et
401 2305 483 2363 viam
500 2305 625 2375 planam
642 2313 769 2377 propter
783 2304 944 2374 gradiendi
958 2319 1023 2362 mo·

73 2373 195 2432 lestiam
216 2376 467 2433 reformidabant.
491 2378 615 2433 Florebit
633 2378 939 2451 anapauomenen
958 2391 1025 2449 am·

72 2446 191 2504 hiemes
206 2449 274 2505 cani
297 2448 505 2520 speciemprae
519 2465 552 2507 sc
564 2451 665 2507 terent
685 2449 838 2521 amygdali
858 2449 995 2507 florentis
1013 2467 1022 2507 ε

72 2519 302 2593 impinguabitur
317 2523 443 2589 locusta·
451 2522 638 2580 intumescet
648 2529 770 2589 venter,
782 2522 837 2593 qtri
849 2520 967 2580 locusta
978 2523 1025 2578 di-

71 2591 171 2660 citur,
189 2608 227 2652 eo
241 2594 323 2665 quod
332 2595 398 2652 hum
411 2593 552 2651 animans
565 2602 627 2652 tota
638 2602 745 2652 venter
758 2594 797 2649 sit
811 2609 819 2651 ε
833 2602 861 2650 et
875 2594 1033 2666 dissipati·

73 2673 123 2720 tur
136 2668 288 2738 capparis,
310 2667 482 2738 appetentia
501 2666 562 2724 cibi
579 2675 611 2723 et
626 2665 790 2751 voluptatis
804 2665 1023 2736 elanguescett

71 2737 209 2820 quoniam
222 2739 272 2793 ibit
284 2740 367 2795 bomo
376 2742 406 2795 in
418 2740 536 2795 domum
547 2739 719 2795 eternitatis
730 2750 789 2794 suae
796 2777 808 2806 ,
821 2748 849 2793 et
861 2739 1025 2796 circuibunt

72 2824 104 2863 tn
115 2808 214 2880 piateu
225 2810 416 2881 plangentes,
435 2811 549 2877 amici,
569 2817 600 2867 et
611 2810 730 2867 funeris
742 2808 876 2868 asseclae.
901 2813 948 2879 (v.
970 2810 995 2864 5·
1011 2813 1023 2874 i
1102 2817 1107 2824 “

73 2881 236 2952 Antequam
248 2892 404 2953 rumpatur
416 2883 563 2952 funiculus
576 2893 733 2952 argenteus
746 2902 758 2951 ;
771 2889 929 2939 memento
941 2885 1023 2937 Auc-

72 2951 149 3009 toris
161 2952 206 3008 tui
219 2994 228 3019 ,
249 2961 413 3023 antequam
426 2955 514 3024 spina
526 2954 611 3012 dorsi
620 2955 751 3012 candida
763 2962 795 3012 et
806 2952 873 3023 eius
886 2950 1023 3010 meduila

72 3023 293 3081 candidissima
313 3024 432 3082 desinat
450 3027 575 3082 firmare
591 3039 704 3097 corpus
724 3044 733 3083 ε
753 3035 780 3081 et
795 3032 933 3081 recurrat
949 3024 1024 3080 uitta

73 3110 189 3163 aurea,·
217 3096 401 3166 meningas,
425 3112 479 3153 scu
497 3097 654 3168 panniculi
673 3095 911 3170 pretiosissimi,
938 3109 1022 3154 cere·

71 3166 165 3223 lirum
189 3168 326 3239 undique
350 3168 605 3238 circumdantes,
633 3184 672 3227 eo
694 3170 854 3227 batismate
877 3183 914 3226 ac
933 3182 1023 3224 rece-

75 3238 187 3305 dente,
199 3241 447 3309 corrugabuntur
466 3257 474 3297 :
495 3251 524 3297 et
541 3251 713 3299 conteratur
729 3241 850 3315 bryonia,
868 3253 942 3297 vasa
954 3253 1023 3296 san·

71 3309 199 3381 guinem
212 3312 372 3380 vehentia,
392 3329 477 3387 super
489 3314 599 3384 sontem
616 3357 626 3384 ,
649 3314 757 3385 jecur:
774 3324 803 3369 et
814 3313 1023 3384 confringatur

70 3391 140 3438 rota
160 3398 246 3455 super
264 3385 443 3454 cisternama
461 3385 581 3444 deiciet
602 3395 717 3457 caput,
742 3384 825 3457 quod
842 3385 966 3455 spiritus
978 3382 1021 3466 vi·

69 3452 148 3512 tales
160 3470 179 3511 a
192 3455 293 3513 cordis
306 3457 439 3516 cisterna
451 3457 562 3516 haurit.
581 3462 630 3528 (v.
650 3460 676 3513 6.
691 3459 700 3525 t
714 3468 743 3514 et
754 3464 922 3514 reveremur
931 3456 1035 3527 patoes.

71 3526 103 3582 ia
122 3536 234 3584 tetram
248 3545 351 3598 suam,
375 3531 450 3587 unde
460 3539 550 3602 erat5
567 3539 597 3588 et
614 3531 735 3603 spiritua
747 3530 846 3588 redeat
859 3529 900 3585 aci
910 3532 999 3585 Deum
1009 3547 1026 3592 ,·

71 3596 123 3669 qui
133 3598 210 3656 teau
227 3601 318 3659 ibium.
343 3605 352 3674 (
363 3618 392 3660 v.
407 3623 433 3673 p.
446 3604 458 3672 i

107 3673 331 3736 Tauaeuusus.
359 3677 462 3740 Densa
491 3682 525 3734 et
546 3671 714 3744 caliginosa
744 3673 874 3742 nubes,
904 3681 1022 3743 quase
