2475 4034
397 134 518 207 Manu
565 137 787 222 Mur-raus,
971 136 1059 222 'sir

137 244 260 313 urna*
272 252 333 311 Pto
346 250 476 335 maille
496 264 553 313 sea
568 251 657 324 plage
668 251 817 315 -ausutit
838 256 1007 330 Arnim
1023 267 1059 316 et

98 338 183 383 mare
195 333 228 381 tu
249 329 364 380 uersu.
392 325 502 381 Thabor
520 331 549 381 et
568 328 693 382 flamen
717 328 878 397 (quorum
897 329 1052 387 montium
1076 371 1082 378 -

97 398 153 454 ille
170 396 209 454 ad
227 407 393 461 occasum,
407 393 458 451 bie
471 394 511 451 arl
526 402 631 453 ortum
643 396 721 453 situs
731 398 815 466 erat)
837 397 867 453 ia
878 400 1054 456 nominatae

97 467 283 531 scatebunt.
299 468 347 521 Ps.
357 475 505 549 nuxxvru
521 467 561 523 ιδ.
577 467 952 540 Quatuorplagaspostiee
960 470 1053 529 simul

98 539 252 597 nominat.
276 538 608 597 Maresuemottuum
625 538 778 608 intelligas
802 539 890 608 licet,
915 541 979 599 sive
998 548 1059 600 ru·'

98 610 202 671 hrum.
224 607 291 664 viil.
305 606 338 663 in
351 609 423 668 voe.
438 610 565 667 Fluctua.

70 706 79 721 ·
137 683 282 739 munst.
299 677 397 735 Attae
408 681 546 736 heredem
558 680 705 737 adducam
727 682 795 750 tibi,
815 695 878 754 aare
896 683 1009 739 tubitet
1021 685 1052 740 tn

100 755 222 811 Marisa.
234 750 324 811 ttici.
335 759 355 806 4ι
370 752 410 808 ι5.
423 750 559 823 Respicit
572 752 720 823 propbeta
730 753 986 823 significationem
995 760 1063 812 vo-‘

11 834 14 843 “
101 823 348 889 cabultttaresa,
360 823 442 894 quod
453 822 598 880 hebraice
607 823 819 883 baeretlitatem
829 824 946 882 indicat
959 840 967 881 ε
980 825 1051 883 ideo

100 894 255 959 minatur,
275 892 443 966 adductum
456 908 473 951 a
486 894 571 955 seiri
584 893 760 963 baeretlem,
775 896 897 953 hostem
910 896 1048 958 scilicet,

103 964 272 1035 quiomuta
294 958 409 1089 rapiti,
436 979 472 1024 ac
492 974 640 1038 tauquam
657 966 869 1025 hereditatem
889 967 947 1024 sibi
965 967 1057 1024 deri·

102 1045 166 1097 tam
179 1048 294 1107 usurpo
309 1074 317 1090 .
1054 1040 1056 1049 ·

138 1110 257 1163 Munus.
281 1111 386 1162 Nomen
409 1105 530 1179 uirginis
546 1110 666 1166 Mutila.
690 1111 766 1167 Luc.
790 1120 872 1178 127.
899 1108 1052 1167 Hebraice

102 1178 358 1249 legitur-quidem
374 1176 465 1237 bodie
480 1180 595 1250 Murum
614 1197 625 1235 .·
648 1181 705 1238 sed
724 1180 799 1238 olim
816 1180 1051 1252 pronuntiatum

101 1265 173 1311 esse
189 1250 332 1320 Mariam,
353 1259 533 1318 argumento
548 1260 616 1319 ost,
641 1252 725 1323 quod
735 1263 799 1313 txx
811 1265 911 1321 graece
929 1251 1054 1307 Mariam

100 1336 157 1453 ger
168 1322 302 1392 primam
315 1321 474 1390 vocalem,
493 1336 556 1379 nou
578 1337 635 1395 per
652 1324 776 1380 tertiam
789 1323 996 1380 reddiderunt.
1015 1324 1052 1378 in

133 1401 187 1451 ute
198 1390 399 1465 dissyllabum
417 1402 495 1461 esta
509 1392 580 1465 qnia
601 1395 689 1465 perj
711 1400 936 1463 consonantem
954 1406 1051 1463 copu-

100 1463 197 1523 latum
217 1479 225 1520 ε
245 1478 306 1535 qua
322 1463 505 1535 emaciari
527 1472 658 1534 carent,
678 1466 712 1522 iu
736 1473 799 1523 tres
814 1464 946 1537 syllabas
964 1463 1054 1521 didm.

101 1549 176 1593 cere
187 1548 301 1593 nomen
313 1535 412 1593 eoacti
427 1544 517 1593 sunt:
530 1537 613 1594 idem
627 1545 735 1608 sponte
744 1539 844 1597 secuti
852 1534 953 1595 Latini
967 1543 1048 1592 suut.

103 1609 217 1667 sensus
236 1620 293 1677 pro
312 1607 457 1665 varietate
469 1616 655 1679 punctorum
666 1608 823 1666 vocalium
840 1609 946 1666 rarius
964 1605 1052 1663 elici·

102 1687 161 1734 tur.
176 1676 250 1735 liliis
263 1691 335 1735 cum
347 1681 410 1736 bl).
425 1678 542 1737 isidoro
554 1688 584 1737 et
596 1679 781 1751 lidepbouso
790 1685 839 1735 est
848 1677 1050 1743 stellaturas,

103 1749 355 1809 autittamtaarria
370 1749 1049 1823 (cumprouominescilicet,illuminuus·eos;l

103 1820 171 1881 aliis
189 1836 265 1881 cum
281 1821 469 1895 llicrouymo
486 1838 609 1895 smyrne
626 1822 664 1890 (i
678 1837 707 1878 e.
720 1820 847 1892 myrrha
861 1819 925 1876 sire
935 1818 1053 1875 amari-

102 1892 181 1957 ties)
204 1893 321 1960 νηπίω
342 1892 409 1949 aliis
421 1908 494 1949 oum
507 1893 648 1961 pagnino
662 1892 760 1962 pluria
778 1890 891 1959 maris,
915 1895 968 1948 aut
978 1901 1052 1947 cum

103 1962 373 2032 Georgiowicelio
391 1965 635 2036 guitmamoris3
657 1962 926 2033 quibusoamcum
935 1957 1052 2028 Augaia

104 2034 233 2099 Caninio
250 2042 280 2099 et
301 2034 440 2091 oudone
461 2035 618 2100 Fabricio,
645 2035 700 2090 sed
712 2033 816 2089 miuus
830 2029 1051 2103 probabiliter,

103 2106 245 2163 exaltata.
260 2105 446 2167 embaliusa
462 2106 575 2177 bapide
585 2104 729 2162 collectas
738 2111 925 2161 caeterorum
934 2101 1052 2177 opinio

104 2192 161 2235 nes
174 2177 347 2241 volentibus
358 2176 481 2235 exitibet
503 2178 543 2233 ari
560 2179 612 2235 lin
636 2187 680 2235 xv
703 2192 758 2242 20,
774 2182 805 2231 et
817 2178 891 2231 Luc.
913 2184 927 2230 t
945 2188 999 2241 η,
1016 2185 1053 2255 ac

102 2249 203 2312 obiter
219 2249 247 2311 l.
267 2249 338 2309 Gor.
358 2258 415 2305 xrt
437 2265 496 2315 erp
511 2261 644 2319 qnorum
666 2244 832 2319 postremis
845 2243 965 2302 duobus
976 2242 1052 2299 loeis

105 2319 300 2392 amplectitur
312 2334 421 2386 corum
437 2318 638 2385 seutentiam,
658 2319 712 2390 qui
727 2330 841 2387 magno
852 2326 985 2373 nomem
1002 2314 1053 2369 do·

104 2392 214 2453 atim
224 2391 472 2461 interpretantur.
484 2393 600 2457 verum
611 2389 634 2445 ii
647 2402 807 2463 uunquam
819 2387 971 2445 rationem
982 2383 1052 2441 ido-

105 2462 357 2529 neamredtieot,
376 2462 451 2533 quid
467 2462 525 2519 sibi
543 2460 618 2518 uelit
637 2459 753 2532 syllaba
766 2460 832 2530 iam
850 2474 861 2514 .·
879 2471 953 2514 nam
972 2459 1054 2515 Mun

105 2534 268 2601 hebraice,
285 2538 320 2600 ¹et
336 2537 419 2589 Mera
436 2534 555 2604 syriace
569 2533 685 2588 domiue
704 2538 751 2589 cst
763 2526 887 2602 quidem
902 2546 911 2596 ς
931 2527 987 2612 sed
1004 2527 1054 2584 di-

106 2605 238 2665 midium
251 2604 436 2662 vocabulum
450 2607 483 2660 iu
501 2604 613 2674 linguis
631 2611 724 2662 tuntae
738 2601 896 2659 brevitatis
916 2606 1051 2656 otiosum

106 2692 175 2735 esse
187 2676 255 2747 quis
268 2676 395 2734 credat?
413 2677 532 2745 Optime
550 2675 691 2733 omnium
710 2674 828 2731 donuae
845 2672 936 2728 araris
955 2683 1052 2740 expo-

105 2748 191 2807 nitur
200 2788 209 2814 ,
218 2747 368 2817 siquidem
379 2747 416 2803 ati
425 2747 571 2814 Mariam,
585 2759 724 2803 sororem
734 2747 784 2801 bio
806 2743 866 2811 sis,
880 2749 914 2797 ut
923 2756 979 2810 par
989 2747 1050 2805 est,

109 2818 315 2885 attendamus,
329 2832 398 2889 quae
408 2818 507 2887 prima
521 2831 558 2874 eo
572 2817 696 2873 nomine
709 2759 858 2896 appellata
870 2811 998 2896 legitur,
1014 2823 1052 2877 ac

107 2899 177 2949 tum
186 2890 311 2949 demum
324 2890 369 2946 sle
382 2888 548 2961 appellata,
568 2900 640 2945 eum
656 2893 725 2968 post
739 2878 1052 2962 admirabilemrubri

108 2960 403 3028 mensurantem,
423 2967 457 3016 ut
477 2963 597 3029 Moyses
622 2954 780 3024 legislator
801 2968 837 3010 ac
860 2950 965 3035 populi
990 2950 1053 3005 (lux

110 3032 214 3089 laudes
226 3032 352 3097 Divinas
364 3030 436 3089 viris
447 3031 544 3101 praeiit
555 3070 564 3095 ‚
577 3027 620 3084 ita
632 3027 699 3096 ipsa
713 3024 844 3081 leminis.
862 3026 973 3090 Figura
985 3020 1053 3102 baec

111 3102 192 3161 illius
205 3103 277 3174 fuit,
297 3118 365 3176 quae
382 3101 549 3173 legislatori
561 3105 667 3157 nostro
684 3111 720 3154 ac
733 3094 805 3153 duci
816 3093 937 3151 christo
949 3102 1053 3161 proxi-

113 3189 183 3239 ma,
211 3175 335 3239 domina
352 3175 449 3235 maris
462 3173 553 3245 buius
567 3168 665 3229 seculi
675 3175 731 3224 est
926 3234 932 3244 ,

146 3248 334 3307 Maesulus
359 3249 426 3303 Non
446 3261 502 3316 per
522 3253 534 3299 t
558 3240 689 3314 simplex
704 3245 824 3295 tantum
844 3236 974 3318 blattam.
995 3232 1053 3286 be·

113 3326 265 3376 monstrat
282 3319 315 3375 id
336 3316 404 3375 lons
423 3331 539 3386 graecus
559 3317 624 3370 Act.
639 3323 652 3367 1
666 3311 699 3364 αὖ
716 3317 746 3365 et
765 3310 798 3361 26
811 3347 820 3375 ‚
835 3307 935 3363 uiui).
955 3305 1053 3361 Lucas

1 3372 2 3427 3
112 3390 178 3460 ipse
188 3404 249 3451 nou
262 3404 319 3462 per
332 3391 363 3444 tir
375 3386 495 3453 solum,
516 3387 570 3444 sed
583 3387 626 3440 ttlr
639 3383 779 3441 Mattblan
789 3377 886 3437 semel
896 3383 928 3433 et
939 3373 1053 3429 iterum

114 3461 243 3527 scribit,
272 3458 507 3529 suffragantibus
534 3455 690 3514 evidenter
713 3450 872 3533 codicibus
897 3443 1051 3526 omuibus.

113 3530 178 3589 Nisi
199 3531 282 3598 lortc
298 3542 426 3597 movero
445 3543 505 3591 nos
523 3527 612 3584 debet
633 3522 796 3583 auctoritas
818 3520 890 3577 Elrae
911 3520 1052 3601 buttem,

3 3610 4 3645 ἐ
114 3601 280 3660 batharaui
293 3603 355 3669 scri
377 3587 1052 3714 torls‚quiinNoro‘restamentoxulmfurs

2 3718 4 3747 ,
22 3716 26 3724 -
114 3617 607 3747 irrigatoupostolibujusuomeu
621 3666 813 3727 iunctorum
829 3671 961 3734 unoque
992 3693 1001 3712 .
1021 3655 1050 3712 rb
