2475 4034
180 98 256 168 rlla
405 92 462 166 '.
561 98 779 168 Faustulus.

64 256 68 260 .
169 239 173 248 ⁴
213 218 248 283 il
260 214 410 274 Foniarrlo
422 211 534 273 meliri.
549 213 613 270 Filii
623 214 704 269 tuiaet
714 211 1108 287 tiliutuaeluglatllsendeut
1116 253 1127 282 ,

168 297 207 344 et
221 290 325 352 burnus
348 297 400 343 tua
420 287 549 359 sumente
569 285 715 341 metietur.
736 288 831 341 Amos
853 297 901 342 vn
922 286 976 343 ult.
997 287 1127 353 Victor,

170 359 292 415 occisis
303 358 437 425 ineolis,
464 367 578 415 terram
592 356 656 412 suis
673 355 892 427 possidendam
906 364 988 413 sorte
1007 357 1130 414 dividet.

177 429 317 487 Militaris
328 429 443 485 locutio
456 444 464 485 ε
479 428 577 499 quatis
591 435 623 483 et
631 426 684 485 illa
698 443 706 484 :
724 426 852 484 Telendit
862 427 1028 500 funiculum
1037 443 1129 485 suunt

176 501 252 558 Thr.
273 510 299 557 rt
317 502 343 556 8.
363 502 447 556 Adeo
463 504 616 571 prostrata
635 505 684 555 est
700 496 906 568 lerosolymae
924 498 1078 567 felicitas,
1099 508 1134 556 ut

176 573 261 628 Deus
285 585 356 628 eam
377 569 443 628 solo
466 583 607 641 aequasse
630 569 792 639 videatur,
815 577 851 626 ut
871 568 1029 630 funiculus
1046 570 1133 627 tendi

169 657 234 713 ,per
245 642 361 699 nudam
378 655 483 698 aream
495 642 601 713 possit.
615 641 715 698 David
725 640 868 713 percussit
883 642 965 697 Moab
977 680 989 708 ,
1008 650 1037 697 et
1047 657 1132 698 merr-

176 728 226 769 sus
244 722 287 769 est
302 728 348 768 eos
365 714 517 784 funuulo,
535 724 688 784 coequans
706 722 797 769 terra
814 728 826 767 .·
843 723 1020 770 mensuteu
1035 723 1133 769 autent

168 785 248 840 ⁴eitun
261 786 404 855 sumanus
416 822 427 851 ,
451 799 540 840 uuum
552 785 592 840 aul
603 784 789 840 meldensium
797 822 814 852 ,
836 793 865 842 et
878 800 971 839 unum
985 785 1024 839 od
1040 785 1132 856 aloiti·

177 858 313 912 candum.
335 859 364 913 2.
386 859 459 925 neg.
486 866 548 913 vtu
573 873 599 911 a.
623 856 821 914 Moabitidem
838 854 961 925 penitus
983 855 1041 911 sibi
1062 855 1132 913 sub·

167 925 273 998 -iecit,
295 942 332 984 ae
346 936 414 983 tum
430 928 469 983 de
487 927 615 997 regione
630 928 695 999 ipsa
710 928 731 999 ,ς
744 937 810 985 tum
827 927 866 983 de
881 926 1055 984 incolarum
1071 926 1133 984 vita
1237 942 1238 950 ¹

166 1006 210 1056 et
227 1014 305 1056 nece
324 1013 380 1070 pro
395 999 522 1057 arbitrio
538 1001 653 1059 statuit.
678 999 826 1056 Geminus
846 997 898 1054 hie
913 997 1069 1056 funiculus
1086 1006 1133 1054 est

164 1072 408 1141 metaphoricos
428 1071 598 1140 duntaxat,
620 1079 652 1130 et
667 1070 857 1128 liberrimam
879 1068 1003 1126 Doridis
1021 1068 1132 1126 volun-

165 1149 275 1198 -tatem
294 1142 460 1211 signifieat,
481 1157 540 1212 qua
561 1144 639 1202 allos
657 1141 739 1213 justo
752 1139 903 1210 supplicio
916 1140 1045 1208 addixit,
1056 1139 1133 1197 alio-

179 1227 251 1268 rum
266 1214 337 1269 vitae
348 1213 493 1283 pepercit
517 1211 626 1271 Plures
640 1211 739 1269 multo
752 1213 848 1269 fuisse
861 1220 1019 1279 servatos,
1040 1224 1132 1281 quam

178 1285 389 1350 interlectos,
421 1283 512 1341 docet
535 1283 718 1344 hebraicum
742 1282 928 1344 vocabulum
949 1283 1131 1354 plenitudinis

173 1354 320 1411 ¹funiculo
338 1353 409 1409 ritae
427 1352 565 1409 additum
582 1360 608 1411 2.
629 1358 711 1414 Sam.
734 1365 795 1410 vu
808 1358 835 1410 i.

214 1424 254 1490 il
275 1422 444 1479 Friniaulus
462 1425 617 1481 Samariae.
641 1427 735 1481 neten
774 1440 903 1496 msuper
913 1427 1133 1497 Juusolemsu-

166 1494 306 1551 niauluus
320 1494 462 1550 salnarias
467 1531 478 1560 ,
491 1503 520 1549 et
530 1501 646 1565 pondus·
654 1496 756 1551 domus
768 1497 873 1551 Achab.
887 1498 915 1555 t.
930 1499 1003 1566 Reg.
1018 1508 1074 1554 xxt
1090 1499 1129 1553 ιδ.

178 1568 213 1622 lo
227 1579 298 1621 eam
312 1578 376 1622 non
388 1567 492 1621 minus
505 1568 640 1634 graviter
652 1565 914 1631 animadvertam,
932 1582 1025 1638 quam
1035 1568 1067 1624 in
1081 1572 1132 1626 sa-

178 1636 328 1703 mariam,
345 1644 377 1692 et
388 1638 515 1692 domum
529 1638 646 1696 belial).
660 1635 804 1692 Declarat
815 1637 848 1692 id
860 1638 1033 1694 admirabili
1042 1640 1132 1696 simi-

178 1708 307 1766 litudine
321 1706 460 1765 alitteris
478 1708 511 1765 in
523 1708 636 1765 tabella
649 1715 752 1765 cerata
767 1707 888 1777 seriptis
909 1723 918 1762 ι
939 1709 1034 1763 delebo
1045 1714 1131 1766 Jeru

178 1780 288 1848 salem,
307 1779 382 1835 siout
402 1779 491 1835 deleri
511 1781 602 1836 solent
626 1780 730 1837 saluta
755 1787 814 1833 :et
835 1779 929 1833 delens
949 1787 1082 1846 nutam,
1103 1792 1132 1837 et

81 1897 83 1902 .
164 1853 285 1907 ›dueam
298 1851 427 1907 crebrius
441 1853 550 1923 stylum
560 1869 649 1925 super
660 1850 764 1922 lucian
776 1849 857 1920 ejus,
868 1857 901 1906 ut
912 1863 952 1906 ue
964 1849 1132 1921 vestigium

179 1922 305 1994 quidem
319 1921 491 1979 litterarum
504 1940 542 1979 su
561 1926 649 1992 versit.

187 2003 189 2006 ’
215 1994 250 2060 lt)
270 1994 385 2078 semita
397 2002 429 2050 et
440 1940 606 2052 funiculus.
632 1998 674 2051 Tu
690 1994 847 2067 cognovisti
864 1995 1017 2051 sessionem
1035 2009 1133 2050 aueum

179 2073 208 2118 et
218 2075 461 2121 resurrectionem
473 2083 589 2135 meam,
608 2081 735 2125 ornnem
748 2081 850 2124 meam
863 2068 1022 2138 requiem,
1036 2080 1133 2123 omne

179 2148 285 2192 meum
298 2137 456 2207 negotium
468 2156 477 2202 3
488 2138 561 2208 quid
575 2141 706 2206 sedens,
722 2139 795 2208 quid
804 2146 888 2198 stans
902 2138 1024 2207 agitem.
1041 2139 1134 2193 intel-

179 2207 277 2263 lexisti
288 2221 398 2265 omnes
412 2210 603 2277 cogitationes
618 2213 700 2266 meas
711 2211 746 2265 ue
754 2211 839 2281 longe
850 2227 861 2263 .·
873 2212 1008 2266 semitam
1019 2224 1131 2277 man,

166 2287 209 2333 ¹et
220 2279 384 2348 fumantum
398 2295 495 2334 meum
506 2282 698 2352 investigasti.
720 2284 768 2336 Ps.
785 2289 957 2337 oxxxvme
972 2295 1016 2350 sq.
1032 2280 1131 2346 nosti,

162 2379 165 2384 ,
181 2350 257 2419 quid
269 2351 472 2407 slm'eonatus
485 2352 663 2421 acquirere,
684 2358 715 2407 et
726 2351 800 2420 quid
813 2352 1031 2421 acquisierim
1047 2351 1134 2406 suai-

180 2428 244 2474 tam
256 2430 285 2475 et
296 2422 514 2475 accubationem
525 2435 648 2488 meam,
662 2429 696 2477 ut
708 2428 756 2478 est
767 2420 800 2476 in
812 2421 966 2478 hebraico.

215 2490 253 2556 bl
264 2490 405 2547 Fuaiouli
414 2491 522 2550 Adam.
534 2492 711 2560 infuniculis
724 2492 942 2547 Adanulrullam
953 2492 1131 2561 (protraxi)

179 2572 245 2625 eos,
268 2561 298 2615 in
317 2561 438 2616 uinculis
454 2563 587 2616 caritatis
604 2579 615 2615 .·
632 2572 662 2619 et
675 2577 727 2616 ero
748 2562 821 2629 (lui)
840 2563 880 2617 eis
916 2563 979 2617 uust'
996 2563 1133 2619 molturas

175 2630 284 2701 pagum
298 2646 384 2700 super
392 2632 529 2686 mallius
542 2648 663 2699 mum,
676 2634 707 2689 el
719 2632 858 2688 declinari
917 2648 985 2689 eum
997 2642 1031 2688 ut
1040 2649 1134 2690 vesce-

178 2710 273 2758 retur.
294 2706 356 2759 Nou
367 2712 531 2757 reuertatur
542 2705 574 2759 in
585 2712 701 2759 terrum
711 2705 829 2775 AEgyptl
840 2743 849 2770 ,
866 2713 894 2759 et
903 2708 995 2761 Assur
1008 2705 1067 2775 ipse
1078 2722 1135 2762 ree·

178 2772 241 2843 ejus
258 2789 270 2830 .·
288 2775 427 2847 quonium
444 2775 602 2832 noluuunt
614 2775 751 2834 munti.
768 2778 967 2848 tis.x1ist1.
988 2779 1053 2833 tlon
1070 2785 1134 2835 ter-

179 2857 276 2913 rore,
309 2855 343 2901 at
362 2845 504 2910 belluas,
536 2847 594 2903 sed
611 2848 836 2904 beneficiorum
854 2855 891 2903 et
910 2848 1132 2905 mandatorum

160 2955 165 2962 ,
179 2915 311 2974 undulis
323 2958 331 2984 ,
343 2923 377 2972 ut
383 2917 558 2974 animantes
567 2918 773 2984 domesticas,
787 2918 1019 2977 humanomore
1031 2920 1133 2988 (wana
1234 2949 1238 2985 3

179 2988 264 3044 enim
276 2996 324 3044 est
336 2988 447 3054 bomo)
471 3001 525 3044 eos
538 2990 636 3056 traxi,
656 2987 869 3047 benevolentia
889 2997 920 3045 et
941 3004 1047 3047 amore
1064 2990 1135 3048 alli·

165 3058 277 3115 aiens.
300 3061 387 3129 saepe
401 3060 585 3116 animalibus
598 3059 646 3115 his
666 3060 745 3117 meis
766 3060 901 3130 quietem
917 3061 1080 3130 concessi,
1101 3070 1136 3119 et

179 3129 327 3199 pabulum
339 3130 453 3187 lautius
468 3131 601 3198 praebui;
612 3129 720 3187 diebus
731 3132 834 3200 lestis,
849 3132 937 3188 annis
952 3132 1132 3200 sabbaticis,

179 3207 212 3258 et
223 3199 361 3269 jubilaeis.
383 3202 443 3258 sed
456 3202 527 3271 quia
540 3202 678 3272 ingratus
692 3203 815 3259 israelis
827 3203 959 3274 populus
979 3207 989 3272 (
1002 3218 1132 3273 regnum

179 3270 453 3340 decemtribuum)
470 3282 618 3343 perpetuo
628 3269 756 3339 restitit,
766 3275 802 3329 iu
809 3274 993 3331 servitutem
1007 3281 1132 3343 apetiam

165 3354 243 3399 *oon
261 3342 323 3413 jam
337 3344 562 3414 AEgyptiaeam,
586 3358 655 3414 quae
676 3343 821 3413 liniarum
840 3341 1089 3417 s'eddssyriam,
1111 3360 1132 3402 e

156 3439 163 3446 ·
180 3427 241 3485 qua
253 3428 413 3483 nunquam
426 3415 603 3476 retineatur.
978 3421 981 3428 ’

215 3484 250 3548 6)
271 3484 411 3540 Funisuli
427 3486 578 3544 vanitatis.
594 3489 642 3542 ,Va
653 3486 703 3557 qui
716 3486 830 3542 trahitis
844 3485 1027 3558 iniquitatem
1037 3487 1068 3541 in
1077 3487 1129 3556 su-

163 3590 165 3592 .
179 3552 282 3607 nieulis
291 3556 450 3623 vanitatis,
470 3566 500 3612 et
514 3558 600 3629 quusi
613 3558 759 3614 etneuulu
770 3559 896 3627 plaustri
906 3567 1066 3627 peccatura.
1087 3560 1129 3614 is.

179 3627 202 3674 u
217 3624 259 3692 ιβ.
280 3625 430 3685 Praelata
442 3627 851 3706 candeioasparapbrastes
876 3644 884 3685 :
907 3630 959 3689 vae
980 3626 1132 3701 quisun-
