2475 4034
172 155 286 245 “354
456 155 706 226 Samnitem.
757 149 906 222 Sumus.

214 275 320 335 dolore
334 269 430 341 vidit,
450 271 484 329 in
503 269 606 328 medio
632 265 785 326 felicitatis
803 277 897 325 cursu
910 268 1082 326 aerumnam
1099 263 1159 327 stit

213 344 384 419 inopinanti
406 342 632 414 supervenisse.
653 340 799 395 Percutiet
817 355 881 395 euru
902 341 1001 409 (Deus
1015 337 1156 408 humum)
1222 369 1223 400 1

217 423 247 475 io
264 427 370 488 septem
383 417 451 472 riuis
461 455 472 483 ‚
491 414 534 470 t'to
553 421 586 468 ut
604 419 755 468 transeunt
768 426 824 537 fer
842 426 907 466 eum
925 410 1052 468 coiceoti.
1070 410 1109 467 Is.
1124 417 1159 468 xi

218 492 260 546 rb.
274 488 331 545 Atii
342 486 465 558 proprie
475 484 687 554 accipinot‚ut
696 481 766 539 sitii
779 481 842 548 ius.
856 480 945 554 cujus
955 479 1161 552 ostiaseptsm

214 567 423 619 anennaturus
436 558 475 613 sit
482 556 632 613 Dominus
644 570 652 610 τ
663 554 714 611 alii
725 553 909 624 Euphratem
923 552 1060 620 malunt,
1070 550 1158 622 cuins

212 633 336 691 brachia
357 636 489 700 septem,
509 627 529 683 i.
556 642 583 682 e.
608 623 789 695 complura,
816 624 1016 680 imminutum
1030 624 1069 679 iri
1081 629 1162 693 pr‘ae-

212 704 377 762 nuntietur.
402 697 575 768 Aiiegorice
591 696 673 754 idem
686 704 734 752 est
753 711 761 752 ι
781 693 998 767 propagationi
1007 689 1160 766 evangeiii

211 790 268 849 per
284 771 454 844 apostolos,
468 769 549 826 nihii
559 768 700 828 obstabit

227 873 230 882 ‹
249 847 474 902 surrnurccx.
501 846 612 907 nutus,
625 841 646 896 ι.
662 851 689 895 e.
705 831 839 905 donum,
862 833 1019 907 betpteutts
1031 847 1089 894 uon
1104 839 1162 896 erit

106 925 111 934 '
149 910 152 915 ’
214 919 292 974 utitis
304 917 354 972 tibi
367 932 377 969 .·
390 915 466 971 ocuti
477 913 553 967 enim
566 914 642 967 iltius
654 910 844 982 septemplices
858 918 937 965 sunt.
950 907 1044 966 Eccli.
1059 920 1103 966 xx
1115 911 1157 975 ri.

212 989 320 1047 oculos
333 986 425 1048 habet
437 983 651 1050 avidissimos,
674 990 705 1037 et
725 995 780 1052 pro
798 979 926 1052 siugulis
938 980 1092 1053 ohsequiis
1110 995 1162 1041 se-

212 1068 325 1135 ptena,
339 1059 361 1115 i.
376 1072 402 1114 e.
418 1055 513 1113 muita
528 1097 537 1123 ,
552 1063 613 1112 ate
625 1062 775 1126 reposcet.

250 1134 399 1192 surmus.
423 1132 482 1186 Pro
496 1128 605 1197 sepius
618 1143 629 1193 ς
640 1129 674 1180 ut
686 1125 767 1195 apud
776 1123 901 1182 catinos
912 1127 1020 1193 terque
1037 1125 1161 1195 qaam-

214 1211 275 1275 que
296 1221 303 1261 :
324 1200 407 1273 qnod
424 1200 527 1270 ipsum
546 1205 594 1255 est
612 1198 735 1276 septies.
756 1195 807 1252 Sic
826 1194 1160 1266 iuhemurignoscere.

213 1275 306 1331 etiam
319 1273 419 1344 septies
432 1273 462 1326 iu
473 1269 605 1336 dielaesi,
619 1267 758 1339 pluribus
767 1266 916 1326 nimirum
928 1265 1158 1326 offensionibus.

212 1347 286 1402 Luc.
302 1346 408 1407 xviii.
430 1343 535 1414 Septies
547 1343 577 1396 in
588 1341 634 1395 tit'e
645 1339 759 1395 taudem
767 1339 829 1398 diei
842 1339 900 1395 tibi.
915 1341 963 1395 Ps.
980 1348 1085 1395 cxviil
1099 1337 1159 1404 tot

212 1416 348 1487 quotidie
360 1413 471 1484 saepius
483 1420 514 1469 te
526 1411 658 1469 laudavi.
682 1411 787 1481 Septies
806 1411 882 1466 enim
899 1411 982 1466 cadet
993 1411 1117 1481 justus,
1134 1420 1162 1467 et

211 1495 355 1558 resurget.
372 1488 460 1541 Prov.
481 1495 560 1540 xxiv
577 1486 616 1537 16.
644 1481 729 1553 Quod
748 1497 806 1538 nou
823 1482 857 1536 de
875 1481 1094 1553 iniquitatibus,
1115 1483 1165 1539 sed
1222 1491 1223 1530 1

212 1560 247 1614 de
266 1556 500 1614 tribulationibus
517 1556 556 1613 ud
577 1555 770 1611 buouiitatem
782 1554 1002 1626 perducentibus
1023 1553 1161 1624 tutottgt,

207 1629 304 1687 aitrie
317 1629 377 1685 hoc
390 1628 457 1684 loeo
470 1628 505 1684 1).
518 1625 728 1695 Augustinus,
747 1625 766 1682 i.
784 1643 812 1679 ιι
829 1625 867 1681 de
879 1624 965 1683 civit.
984 1625 1059 1694 nei,
1073 1640 1101 1682 c.
1116 1626 1160 1683 δι.
1222 1635 1223 1696 i

206 1701 334 1759 'Acriter
347 1715 403 1770 pro
415 1700 474 1756 hoc
487 1713 581 1755 sensu
599 1705 753 1767 pugnant,
774 1696 899 1755 actoris
918 1697 1034 1755 viribus
1053 1705 1162 1757 eontra

213 1785 267 1830 eos
279 1773 438 1838 nituntur,
458 1770 512 1840 qui
531 1771 564 1826 in
586 1769 634 1825 his
651 1769 754 1826 verbis
771 1776 900 1841 peccata
912 1767 992 1825 levia
1007 1776 1040 1825 et
1060 1767 1164 1853 quoti·

213 1844 304 1902 diana
316 1843 513 1911 intelligunt,
532 1841 580 1898 vir
592 1848 717 1897 sanetus
729 1848 761 1896 et
772 1847 874 1897 asceta
887 1839 1099 1913 celeberrimus
1112 1840 1165 1898 tti-

208 1914 319 1973 colaus
339 1913 497 1971 Lancicius
511 1914 623 1982 opusc.
646 1912 663 1963 b
684 1912 722 1968 de
740 1913 758 1975 i
774 1914 797 1967 F
814 1927 842 1969 o.
859 1926 917 1969 sn.
934 1913 986 1978 55,
1005 1925 1044 1969 ac
1054 1914 1165 1971 Petrus

213 1986 427 2046 xniatkowski
444 1986 476 2041 in
501 1984 702 2040 collectaneis
728 1982 858 2040 Ascetio.
884 1997 913 2053 p.
940 2000 951 2036 1
977 1998 1004 2041 c.
1027 1982 1095 2040 in.
1115 1983 1163 2044 tut.

207 2058 410 2116 'contendunt
419 2056 509 2113 ambo
522 2056 737 2121 vehementer,
752 2055 867 2110 dictum
879 2054 1052 2112 Salomonis
1059 2053 1170 2113 iocum

207 2130 276 2196 huon
290 2130 330 2187 ad
341 2136 466 2200 peccata
480 2127 651 2198 justorum,
664 2126 719 2183 sed
732 2127 829 2183 adres
844 2125 986 2183 adversas
1001 2134 1032 2182 et
1043 2124 1168 2200 incom-

208 2197 308 2260 moda
328 2201 502 2272 pertinere,
526 2198 636 2269 quihus
658 2198 828 2256 identidem
852 2205 1047 2265 vexantur‚et
1063 2196 1169 2269 impe·

209 2272 330 2331 'tuntun
345 2272 442 2343 liujus
457 2285 520 2327 suae
533 2269 691 2326 sententie
703 2276 849 2339 patronos
861 2270 1036 2339 producunt
1048 2269 1085 2326 B.
1101 2272 1167 2326 du·
1221 2293 1222 2332 3

258 2343 395 2408 stiuam,
415 2340 593 2408 vammum,
616 2340 824 2409 dansenihm,
848 2340 1055 2408 salutarium,
1076 2340 1169 2398 Pine-

208 2427 212 2436 “
236 2427 307 2479 am,
321 2414 488 2478 horinum,
503 2412 643 2478 listium3
661 2411 725 2467 imo
737 2420 819 2468 etex
831 2412 1006 2470 acatholicis
1019 2411 1169 2471 cremel-

212 2482 311 2551 iiom,
323 2485 470 2550 tunium,
487 2483 904 2552 Paraenm,et1³iseatorem,
919 2498 1052 2555 quorum
1060 2491 1171 2543 minen

212 2567 277 2612 non
293 2568 404 2623 parom
425 2554 591 2619 intererat,
613 2552 810 2610 Salomonem
830 2553 1022 2625 depereatis
1041 2556 1173 2627 accipi,

212 2632 248 2682 ut
258 2624 419 2692 suffragari
432 2624 588 2682 videretur
600 2622 644 2678 iili
655 2625 918 2693 protestantiumo
941 2627 1038 2685 inioui
1047 2668 1060 2697 ,
1070 2626 1173 2686 enam

207 2709 211 2719 ·
226 2703 367 2753 ustorum
380 2709 472 2766 opera
485 2710 553 2752 esse
564 2702 700 2765 peccata.
718 2697 790 2756 iter
803 2694 856 2753 ilii.
874 2641 939 2754 suf
944 2698 971 2755 si
982 2706 1173 2764 contextum

226 2767 275 2826 oci
295 2767 486 2826 controversi
510 2765 627 2839 absque
650 2766 830 2839 praeiudicio
849 2776 879 2825 et
898 2783 985 2842 aequa
1004 2770 1095 2830 laneo
1117 2786 1174 2829 ex·

213 2839 404 2968 pendimus,
427 2839 548 2907 teneor,
572 2853 635 2895 nou
653 2840 756 2897 nunus
779 2854 884 2898 comm
925 2842 1003 2899 ede
1025 2842 1173 2913 peccatis

226 2911 332 2969 eribus
350 2952 361 2980 ,
388 2925 480 2983 qnam
497 2910 535 2967 tle
551 2911 735 2983 quotidianis
754 2912 909 2980 vexationi
932 2929 967 2970 us
986 2914 1175 2985 justornm,

214 2996 252 3040 ea
263 2984 356 3040 verba
372 2983 483 3053 exponi
496 2997 596 3109 posse.
622 2983 818 3042 Anmmhatis
837 3000 910 3045 vero
926 2996 1175 3045 monumentum

215 3055 432 3124 granosimam
445 3094 455 3123 ,
475 3069 628 3127 paneque
645 3064 765 3113 tantum
777 3064 846 3125 est,
871 3067 906 3113 ut
922 3057 1034 3129 pudeat
1046 3057 1178 3126 dissona

214 3126 273 3183 tire
294 3142 303 3182 s
323 3141 395 3182 uam
415 3127 454 3181 de
469 3126 620 3197 justornm
638 3128 737 3198 culpis
756 3128 843 3194 iliam
859 3128 1033 3186 salomonis
1053 3143 1177 3190 rocem

213 3196 387 3266 intelligunt
399 3198 564 3267 Gregorius
574 3200 704 3267 Magnus
716 3202 748 3254 i..
760 3211 795 3259 vt
806 3200 838 3256 iu
850 3199 967 3269 sogum
978 3201 1149 3260 historiam
1165 3244 1176 3272 ‚

216 3269 255 3326 ad
273 3270 299 3325 i.
319 3271 390 3338 heo.
412 3280 477 3336 xv3
499 3270 673 3326 Bernartius
690 3270 711 3325 t.
736 3289 766 3339 ¹7
783 3271 816 3327 in
835 3272 979 3338 Cantica3
996 3267 1177 3332 cassinuus

214 3338 320 3397 coiiat
336 3351 378 3397 xx
392 3338 444 3397 uit.
460 3348 491 3396 et
503 3351 574 3396 xxti
589 3341 638 3408 ιδ,
658 3340 723 3398 imo
734 3342 802 3414 ipse
815 3343 1022 3416 hieronymus
1034 3381 1049 3414 ,1
1063 3344 1101 3401 in
1114 3360 1179 3403 ex-

213 3411 364 3482 ponendis
387 3410 551 3482 scripturis
576 3412 686 3468 doctor
704 3415 883 3484 maximus,
907 3416 939 3472 iu
961 3415 1033 3471 unis
1055 3414 1179 3476 litteris

215 3480 313 3537 seusei
329 3483 504 3549 etiterum,
519 3483 607 3553 epist.
623 3485 680 3552 ib,
702 3499 771 3556 qnoe
782 3493 830 3542 est
841 3486 880 3542 ad
893 3489 1074 3554 Rusticum
1088 3490 1176 3547 ven.
1220 3507 1221 3530 ι

214 3552 417 3609 Beiiarminus
431 3555 469 3610 de
479 3556 589 3611 Amiss.
604 3556 685 3612 (irat.
699 3555 719 3611 1.
738 3574 748 3609 1
764 3570 790 3614 e.
806 3559 822 3609 5
835 3575 844 3623 3
858 3565 907 3625 et,
923 3566 956 3613 ut
968 3557 1044 3614 nihii
1059 3559 1179 3620 dicam
1220 3535 1221 3608 i

214 3621 254 3678 tle
269 3623 486 3693 interpretibus
507 3626 676 3682 bibliorum
691 3627 815 3698 optimis
832 3668 840 3695 ,
868 3636 980 3685 ascetae
996 3643 1060 3691 nuo
1077 3641 1182 3701 um

214 3700 322 3749 omnes
334 3707 409 3763 ore,
430 3696 510 3753 inter
523 3711 599 3769 quos
614 3698 718 3769 magni
730 3697 869 3757 nominis
887 3699 945 3758 siri
955 3740 966 3771 ‚
986 3700 1180 3773 siphorus&
