2475 4034
150 163 202 216 <20
508 133 575 204 An.
625 134 746 203 Ausus.

153 259 194 316 aa
204 255 386 330 aperiendam
397 268 498 326 spem,
514 258 549 307 ut
560 248 655 307 Oseas
667 249 738 307 loco
755 244 1005 318 disturbantur,
1025 241 1106 322 niul,

153 330 254 399 magis
268 327 368 395 valet,
389 338 481 396 quam
499 337 566 394 quae
579 335 638 378 uos
655 328 772 390 angunt
785 335 822 378 ac
837 320 970 377 turbant⁴
1017 326 1019 331 '
1102 329 1106 341 ·

188 406 246 462 an.
261 397 412 458 Particnla
425 397 491 452 naec
503 395 610 452 abusu
622 393 718 449 latino
732 391 866 459 recedit,
884 391 958 450 dnm
968 391 1106 463 ponitur

191 474 227 542 1)
246 476 306 530 Pro
324 468 409 540 apud,
426 467 531 523 Arima
548 466 641 538 ipsum
654 465 753 520 aalma
770 480 836 519 mea
854 466 1032 520 conturbata
1049 472 1100 520 est.

154 546 203 605 Pa.
223 554 277 604 xm
295 563 320 611 7·
339 540 419 613 apud
433 552 484 595 me
502 538 628 666 ipsum,
650 536 683 592 in
702 547 753 592 me
773 536 865 608 ipso,
891 537 973 593 intra
992 550 1054 593 me.

190 618 224 685 2)
241 619 300 671 Pro
318 614 360 670 tle.
381 610 492 668 Paulus
527 624 544 667 e
561 609 719 678 cognitore
737 607 878 670 omnium
891 611 957 666 noo
973 623 980 664 :
999 607 1104 664 Omnia

148 698 257 758 ¹autam
281 685 407 741 uuiaet
427 691 531 756 aperta
548 691 617 738 suut
642 680 731 735 aculis
748 679 832 741 e'us,
859 680 898 737 aa
922 693 1006 755 quem
1023 678 1104 736 uobis

155 774 260 818 sermo.
280 757 372 813 llebr.
394 766 428 812 su
444 755 484 809 ιδ.
500 753 532 811 iu
544 762 612 821 est,
632 752 669 808 de
682 765 743 822 quo
756 695 921 824 loquimur.
963 763 964 768 ’
1107 815 1109 832 .

191 831 228 898 3)
253 831 314 885 Pro
336 827 441 885 ‘dativo
454 826 509 884 <Aa
524 830 622 882 ileum
648 824 835 895 formidolosa
859 823 1002 881 laudatio.
1032 822 1101 880 lob.

155 911 269 962 xxxvl!
288 914 331 956 aa.
359 902 424 957 lico
447 898 516 955 laus
535 897 684 963 debetur,
714 895 804 966 plena
824 903 929 953 tamen
951 894 1104 952 reverenti

155 973 339 1040 formiana,
361 978 487 1043 propter
502 983 658 1026 summam
676 967 743 1037 ejus
756 967 958 1038 maiestatem.

190 1047 225 1114 lt)
245 1047 304 1102 l‘ro
325 1043 466 1102 ablativo.
490 1043 535 1097 lie
556 1043 622 1098 Deo
641 1039 784 1097 scribitur
802 1043 841 1095 ls.
864 1050 945 1097 uxul
971 1054 1000 1092 sa
1023 1054 1031 1094 ε
1050 1036 1105 1107 Qui

134 1117 254 1190 ,eduxit
267 1116 305 1172 aa
317 1116 468 1173 dexteram
480 1117 594 1185 Moysen
607 1112 723 1169 bractia
735 1112 899 1184 majestatis
912 1123 980 1168 sua.
993 1110 1026 1167 id
1037 1117 1085 1167 est
1095 1118 1111 1179 ‚¹

157 1188 350 1259 apprehensa
363 1188 430 1257 ejus
445 1186 577 1242 dextera.
944 1193 946 1200 ·

170 1267 174 1277 “
191 1263 436 1316 Anxnxunnou.
455 1260 489 1312 la
500 1257 545 1312 dle
556 1257 606 1311 iila
618 1271 745 1328 maguus
762 1259 818 1313 erit
829 1258 962 1330 planctus
979 1256 1010 1311 in
1024 1258 1106 1312 Jeru-

156 1336 265 1399 salem,
288 1331 362 1386 sicut
378 1331 510 1402 plauctus
531 1328 743 1383 Aaaclremmaa
762 1329 792 1383 in
813 1344 915 1400 campa
935 1327 1104 1399 uageaua.

156 1403 247 1459 zach.
261 1412 309 1458 xrs
328 1420 369 1456 ιι.
388 1400 569 1469 intelligitur
581 1399 683 1456 luctus
702 1400 754 1456 ille
770 1401 991 1457 acerbissimus
1005 1407 1036 1454 et
1048 1414 1107 1469 pu·

156 1459 254 1530 blicus
272 1473 412 1530 omnium
426 1471 514 1542 regni
528 1470 672 1547 ordinum
686 1512 694 1539 ,
716 1485 807 1542 quem
821 1485 908 1529 mors
920 1470 1012 1527 lasiae
1027 1469 1107 1538 regis

155 1546 188 1602 in
199 1558 309 1614 campo
318 1543 468 1613 mageddo
482 1541 577 1600 occisi
587 1541 738 1599 excitavit.
752 1545 778 1597 r.
791 1543 859 1599 Par.
872 1553 958 1600 xxxv
969 1557 1012 1596 aa.
1026 1541 1107 1597 Ada-

164 1616 328 1675 (lremmon
339 1629 455 1674 nomen
468 1621 546 1671 osto
568 1612 631 1684 pidi
644 1615 675 1668 in
689 1628 726 1671 eo
743 1627 853 1684 campo
866 1614 925 1670 siti.

91 1755 105 1763 ν
193 1692 354 1755 AnAEQuo.
379 1687 448 1745 Vitis
461 1629 602 1751 frousssa
614 1683 727 1753 lsrail3
745 1686 862 1756 fruetus
875 1687 1045 1757 adaquatus
1063 1693 1106 1739 est

155 1760 205 1816 ei:
221 1761 379 1816 secumlum
396 1758 609 1814 multitudinem
621 1759 738 1829 fructus
753 1758 800 1813 sui
814 1757 1014 1829 multiplicavit
1032 1756 1115 1822 alta-J

155 1832 207 1895 ria¹
219 1872 236 1900 ,¹
257 1831 352 1901 juata
374 1830 534 1887 ubertatem
556 1839 642 1885 terra
662 1843 721 1886 sua
739 1831 911 1886 exuberavit
934 1828 1105 1885 simulacris.

155 1903 205 1981 (is.
221 1915 243 1959 x
260 1921 281 1957 1.
299 1905 432 1988 Usarum
446 1902 532 1987 copia
552 1902 711 1971 respondit
728 1900 1031 1987 amplitudinitvitis:
1051 1913 1108 1971 pro

155 1973 632 2116 uiixauullixiulu
644 1969 1116 2129 uliuliluuxxluulb

154 2117 270 2185 lsrael,
290 2116 428 2189 profanis
446 2117 507 2174 aris
520 2123 551 2172 et
567 2114 741 2172 simulacris
761 2118 865 2184 omnia
880 2105 1116 2183 contaminans-³

171 2192 299 2245 luxua
322 2191 441 2245 Nomen
459 2195 490 2246 et
506 2186 600 2260 primi
623 2187 757 2245 hominis
780 2188 965 2259 proprium,
991 2194 1022 2243 et
1039 2175 1117 2257 θαι-Τ

155 2258 244 2320 nium
258 2258 476 2331 appellativum
494 2259 608 2315 :Alam
617 2260 701 2316 enim
712 2259 849 2316 llebraeis
859 2259 1010 2327 idemest,
1026 2257 1116 2327 quaa

130 2335 135 2343 ’
155 2331 369 2400 Latinisboma.
380 2332 558 2399 usgraecum
565 2331 741 2400 Aatbrapas,
751 2330 794 2386 ita
805 2330 1106 2393 hebraicumAuam,

124 2399 129 2406 ’
154 2399 219 2458 tam
231 2402 394 2467 feminini,
415 2415 508 2471 quam
526 2401 691 2458 masculini
711 2409 759 2458 est
770 2403 892 2471 generis
907 2416 915 2458 a
933 2400 1015 2458 unde
1028 2397 1106 2456 illusl

156 2473 230 2528 Gen.
256 2483 304 2529 va
320 2489 328 2529 τ
345 2473 501 2527 Masculula
515 2483 544 2528 et
556 2474 695 2543 seminam
708 2473 816 2528 creavit
827 2487 874 2527 eas
889 2510 900 2537 ,
917 2480 945 2526 el
963 2470 1107 2528 benedixit

156 2545 211 2599 illis
223 2561 234 2599 .·
247 2553 275 2600 et
286 2545 398 2601 uacauit
407 2558 510 2599 nomeu
522 2560 625 2600 aarum
636 2546 747 2612 Adam,
765 2545 795 2598 ln
804 2545 849 2599 die
858 2558 916 2617 qua
925 2543 1018 2599 creati
1026 2553 1105 2599 saut.

156 2615 211 2672 abi
227 2615 317 2673 uides
330 2619 425 2672 livam
443 2630 565 2687 quoque
587 2616 735 2688 appellari
752 2616 860 2672 Adam.
883 2619 942 2672 Lea
958 2615 1061 2671 Aliam.
1077 2618 1116 2672 a*

157 2689 237 2756 neg..
247 2698 295 2745 vu
312 2707 343 2759 ¹9
356 2686 466 2754 estlex
475 2687 630 2755 hominis,
643 2686 841 2745 humanitatis
853 2686 903 2744 lex
914 2681 1116 2745 eommunis.³

157 2758 372 2830 subobscurus
388 2767 436 2815 est
450 2758 537 2817 locus
553 2760 644 2817 zach.
668 2760 763 2823 xuni
785 2765 817 2815 et
838 2760 886 2827 5‚.
902 2759 955 2831 qui
971 2759 1054 2816 hunc
1072 2758 1108 2814 in

156 2831 286 2889 madum
300 2830 480 2902 contexitur.
504 2830 627 2889 Dixerat
650 2833 696 2901 (v.
712 2832 745 2899 a)
761 2834 843 2887 Deus
857 2872 866 2898 ‚
881 2845 915 2887 se
927 2830 1115 2904 pseudopra'

155 2905 252 2973 pietas
262 2918 370 2960 omnes
381 2903 639 2974 exstirpaturum
652 2903 807 3031 proposita
824 2905 873 2972 (v.
889 2901 905 2959 3
921 2901 935 2972 i
945 2918 1036 2973 poena
1051 2900 1117 2957 ca-'

156 2974 248 3045 pisis,
272 2975 298 3032 si
311 2974 379 3047 quis
389 2974 544 3047 prophetae
557 2988 672 3032 nomen
683 2971 712 3032 la
727 2988 761 3031 so
775 2988 920 3044 arrogare
934 2974 990 3032 sibi
1008 2989 1105 3031 ansus

118 3096 121 3102 .
156 3056 245 3104 esset.
264 3049 363 3104 Metus
382 3054 447 3104 tam
463 3045 539 3103 cerii
557 3046 722 3118 supplicii,
751 3046 801 3103 vel
822 3046 859 3104 ab
874 3045 951 3117 ipsis
969 3046 1117 3190 parenti*

157 3119 213 3175 bus
233 3116 296 3175 ulio
316 3121 368 3190 (v.
388 3118 425 3185 3)
449 3117 636 3185 intentandi'‚
657 3117 791 3187 efficiet,
807 3127 841 3174 ut
859 3131 960 3175 nemo·
982 3131 1032 3186 am
1052 3133 1118 3184 an-¹

156 3191 227 3247 slent
236 3198 321 3248 tanto
331 3190 494 3246 mendacio
506 3190 655 3262 populum
664 3190 791 3258 fallere,
812 3204 849 3246 ac
862 3202 970 3264 severo
982 3189 1105 3257 habitu,

154 3261 274 3320 lrirsuto
286 3261 379 3334 pallio
395 3262 643 3333 (palimarum,
657 3276 685 3318 v.
695 3262 730 3330 lsi
747 3263 928 3388 pwffhetam
939 3261 1107 3331 simulare:

156 3333 211 3389 sed
220 3333 432 3407 unnsquisque
445 3332 627 3403 simpliciter
640 3335 678 3390 de
691 3348 725 3390 se
737 3348 796 3391 con
821 3332 933 3389 rebitur
946 3375 955 3401 ‚
983 3347 1017 3390 se
1030 3332 1116 3406 idio-¹¹

154 3411 318 3480 ramesse,
336 3403 493 3461 hominem
507 3419 606 3461 unum
619 3405 772 3461 demulsis
787 3402 931 3473 exemplo
945 3403 1038 3476 primi
1051 3418 1107 3474 pa-

156 3472 250 3550 rentis
264 3475 372 3531 adami
384 3474 579 3546 ‘agriculturas
592 3476 757 3532 addictum.
773 3480 827 3531 Nec
838 3475 1007 3543 operientur
1018 3475 1108 3547 pallia

156 3542 289 3625 saccino,
301 3548 542 3615 utmeutiantur3
555 3547 688 3603 Setiuiicet
701 3563 712 3600 .·
725 3552 785 3602 lton
793 3562 856 3600 sum
863 3549 1012 3618 propbeta,
1022 3549 1108 3601 trama

156 3613 288 3677 agricola
309 3630 449 3683 erasum
470 3634 481 3673 :
506 3619 644 3693 quoniam
661 3617 753 3676 Alam
775 3618 936 3690 exemplum
953 3632 1047 3674 meum
1067 3620 1105 3674 ab

157 3681 348 3740 adulescentia
365 3700 439 3744 usea.
559 3717 562 3720 ·
779 3713 782 3717 ·
967 3707 969 3714 ’
1008 3707 1012 3713 ’
