2475 4034
193 93 261 179 oin
451 95 720 160 Isonnunnrmn.
770 90 884 157 Leno.

188 226 280 276 mus,
298 213 373 267 Gen.
393 207 495 267 xxxiv
512 207 554 274 3,
578 207 746 279 tristemque
758 207 883 263 delinivit
898 206 1065 276 ouantis,
1084 207 1143 267 be·

187 280 297 343 'braice
316 290 384 347 est,
408 288 441 336 et
452 280 573 337 locutus
589 286 637 334 est
648 279 687 335 ad
704 292 760 336 cor
771 278 889 348 puelle.

213 352 242 410 *3
260 356 269 420 )
290 353 440 423 Angelus,
466 350 517 422 qui
535 350 706 421 loquebatur
724 350 754 404 in
769 365 832 416 me3
847 350 868 406 i.
891 363 919 407 e.
940 348 1026 406 mihi.
1047 349 1129 407 zach

189 436 252 495 19,
275 429 306 478 et
320 423 431 491 stepius
446 429 562 491 postea.
1126 447 1128 455 ν

226 498 468 552 tonstreinum.
494 494 556 549 Cor
575 491 706 563 sapienti
718 490 847 550 consilis
859 493 1017 549 firmatum
1029 492 1143 549 dieitur

184 565 281 639 flecti.
301 575 392 621 xxxn
413 583 444 633 ¹9
461 579 519 622 ceu
539 565 732 620 loramentum
747 564 876 635 ligneum
893 563 925 618 in
938 562 1060 620 aenificii
1074 562 1145 619 iun·

183 638 333 694 numento
347 635 523 693 stabilitum.
546 636 649 692 Paries
662 645 726 704 est,
743 636 797 706 qui
813 634 906 703 costis
924 636 1034 704 ligneis
1046 632 1142 692 veluti

183 708 264 768 'loris
284 707 468 765 transversis
491 709 668 765 continetur
689 717 721 764 et
739 707 906 776 stringitur.

225 783 382 837 Leuitico.
403 782 514 837 Hostes
528 780 743 835 lubricaverunt
758 780 881 848 uestigio
893 788 1005 834 nostro.
1024 777 1140 836 Three.

182 861 224 909 lv
246 852 285 906 ι8.
302 852 392 908 iiebr.
417 852 520 909 venali
538 859 610 909 sunt
622 866 747 919 gressus
763 859 896 909 nostros.
920 850 1035 922 Ubique
1051 850 1143 909 nobis

186 921 312 981 iubendi
330 924 510 982 occasiones
524 932 555 980 et
573 923 702 980 insidias
722 929 900 994 posuerunt.

224 997 385 1052 Lucrinus.
404 995 565 1053 scrutabor
582 997 743 1052 Jerusalem
754 998 784 1051 in
799 994 932 1052 lucernis.
954 996 1047 1064 Sopb.
1067 1003 1139 1051 tm.

189 1066 338 1124 (ibaldaeis
363 1069 569 1138 praedantibus
589 1069 750 1143 tipesauros
772 1075 892 1125 vestros
909 1080 1019 1124 omnes
1037 1072 1144 1122 osten-

189 1137 261 1196 dam
282 1154 291 1194 t
316 1139 421 1196 omnia
441 1139 474 1196 in
492 1138 596 1201 lucem
620 1139 825 1210 protraham,
848 1139 885 1196 ab
903 1137 1044 1199 ,hostibus
1067 1137 1144 1193 diri-

183 1210 310 1282 pienda.
343 1210 549 1280 tropologice
574 1210 642 1268 ltaec
664 1210 842 1271 Jerusalem
871 1218 1007 1266 nonest
1037 1209 1142 1266 anima

190 1289 296 1339 sancto
311 1324 320 1348 ,
334 1282 508 1353 'Divinique
526 1282 668 1352 obsequii
686 1283 822 1341 studiosa
843 1324 852 1348 ‚
880 1288 915 1337 ut
932 1280 1057 1351 quidam
1075 1295 1143 1336 rne-

189 1353 344 1417 ditontnr;
363 1353 540 1424 sedimpia‚
558 1352 811 1424 etaneottagitiis
822 1359 987 1425 cooperta,
1004 1357 1037 1407 ut
1048 1366 1141 1409 versu

189 1425 386 1496 precedente
402 1425 548 1481 chanaan
567 1425 747 1494 appelletur.

187 1516 190 1521 ·
226 1497 263 1562 2)
284 1498 421 1552 Lucerna
440 1510 498 1566 pro
517 1496 632 1554 sobole.
655 1499 738 1553 Deus
757 1494 866 1554 Doridi
885 1495 1085 1566 promiseram
1109 1505 1142 1552 ut

184 1566 274 1640 'iuret
292 1568 317 1621 ei
339 1569 512 1636 lucernum,
537 1577 566 1623 et
578 1569 644 1638 liliis
659 1569 744 1639 eJ'us,
767 1569 847 1624 omni
865 1576 1000 1638 ternpore.
1024 1570 1051 1622 2.
1069 1570 1139 1624 Par.

186 1649 246 1695 xxi
264 1658 289 1707 7.
313 1641 379 1696 Non
397 1639 531 1696 absimili
552 1639 733 1711 metaphora
757 1639 915 1697 Theouiiis
939 1639 977 1695 ntl
993 1638 1143 1697 Davidem

180 1718 245 1767 'usa
259 1718 308 1766 est
326 1727 333 1767 τ
357 1716 496 1782 Quaerunt
515 1713 688 1782 extinguere
702 1712 857 1768 scintillam
873 1724 989 1776 meum,
1016 1723 1079 1782 qun
1094 1727 1143 1765 re-

180 1784 259 1839 licto
271 1792 330 1849 est3
350 1784 370 1839 i.
386 1798 412 1840 e.
428 1783 548 1851 silium,
570 1782 624 1855 qui
641 1785 725 1841 solus
739 1792 891 1855 superest.
908 1786 934 1839 2.
950 1787 1023 1851 fleg.
1045 1793 1140 1849 x1v7.

226 1853 265 1921 3)
279 1855 418 1927 Lucerna
429 1856 567 1925 fulgoris.
582 1857 614 1915 ei
623 1871 695 1926 ergo
704 1872 807 1927 corpus
821 1865 904 1913 tuum
916 1864 1008 1911 toturn
1018 1853 1143 1910 lucidum

180 1926 299 1995 fuerit,
316 1941 376 1982 nun
394 1928 498 1983 ltoieus
515 1930 645 2001 aliquane
658 1938 774 2001 purtem
786 1930 985 1995 tenebrarum,
1003 1926 1060 1982 erit
1072 1927 1162 1980 luci·
1237 1943 1238 1946 ¹

188 1999 258 2053 dmm
274 2006 385 2066 totum,
408 2007 438 2056 et
453 2000 529 2058 sicut
541 2004 662 2063 lutuno
673 2002 801 2073 fulgoris
821 1999 995 2056 illuminabit
1013 2008 1049 2053 te.
1066 2001 1138 2053 Luc.

180 2080 225 2124 ‘xr
243 2069 287 2125 56.
309 2070 415 2128 Graece
430 2071 482 2129 hio
501 2080 550 2131 est
564 2087 694 2139 sensus,
717 2087 843 2131 omnem
862 2071 1027 2128 excludens
1043 2070 1143 2128 batto-

190 2138 302 2212 logiam
313 2158 369 2199 seu
381 2144 508 2202 inanem
524 2144 664 2215 ejusdem
674 2144 719 2201 rei
728 2144 942 2211 iterationem,
958 2156 1051 2213 quam
1062 2141 1143 2198 absit

180 2219 223 2269 'ut
231 2214 264 2270 in
273 2222 398 2271 aeterum
408 2216 570 2286 sapientise
582 2217 776 2277 sermonibus
788 2216 940 2288 quispiam
951 2214 1143 2282 suspicetur:

190 2285 222 2341 Si
239 2300 351 2356 eorpus
367 2294 456 2343 tuum
471 2288 570 2357 (iactu
582 2296 637 2343 tua
651 2290 660 2353 i
674 2296 773 2345 totum
787 2287 925 2344 lucidum
939 2286 1054 2352 fuerit,
1070 2284 1143 2340 nul-

188 2355 251 2412 lam
270 2356 386 2413 habens
402 2366 522 2427 partem
535 2361 754 2424 tenebrosum,
774 2359 815 2414 ita
831 2359 890 2412 erit
905 2356 1041 2413 exomni
1055 2366 1144 2425 parte

189 2426 350 2493 lucidum,
373 2435 408 2482 ut
422 2442 496 2484 cum
508 2428 629 2497 fulgens
643 2429 771 2486 lucerna
785 2427 948 2501 splendore
961 2439 1018 2483 suo
1030 2433 1061 2481 te
1074 2431 1085 2495 l
1096 2435 1143 2483 to·
1206 2452 1210 2455 ·

189 2503 315 2566 tamque
330 2498 476 2566 demum)
496 2498 661 2555 illuminat.

227 2569 378 2624 Luctrnn.
403 2571 448 2624 De
465 2584 537 2637 rege
556 2570 751 2637 baltassare,
780 2584 797 2626 a
813 2572 915 2626 Persis
931 2578 962 2627 et
979 2566 1076 2624 Medis
1091 2582 1144 2627 oc·

179 2638 272 2713 niso,
288 2638 559 2710 eloquentissimus
573 2640 978 2713 prophetarumexclamat:
994 2643 1144 2710 Quomodo

188 2710 313 2765 cecinisti
331 2711 365 2766 cic
383 2710 591 2785 coelo,lucifer,
609 2713 659 2785 qui
670 2728 757 2769 unone
768 2713 937 2770 oriebaris?
954 2714 1095 2769 corruisti
1110 2715 1143 2769 in

190 2790 326 2850 terrum,
343 2783 392 2856 qui
403 2782 576 2842 vulnerabas
588 2788 716 2861 gentes?
733 2786 783 2856 qui
796 2786 907 2842 dicebas
924 2786 955 2839 in
971 2785 1142 2842 cordetuo:

188 2856 221 2909 In
244 2855 344 2910 coelurn
366 2858 574 2925 conscentium,
593 2874 678 2929 super
701 2867 785 2913 ostra
807 2858 862 2913 Dei·
878 2859 1014 2915 exultabo
1038 2859 1144 2913 solium

183 2941 303 2994 mcum,
317 2927 416 2983 sedebo
429 2928 458 2983 in
470 2939 568 2986 monte
581 2932 763 2997 testamenti,
777 2931 808 2986 in
820 2930 959 2987 lateribus
971 2929 1141 3002 Aquilonis:

188 2999 345 3054 ascendum
357 3015 443 3073 super
455 2998 639 3058 oltittulinem
651 3003 791 3068 nubium,
807 3003 906 3059 similis
922 3018 973 3059 ero
984 3003 1138 3058 Altissimo.

188 3073 228 3127 is.
250 3080 307 3127 xlv
329 3088 370 3128 ια.
393 3087 458 3144 sqq.
480 3075 617 3141 Cecidit,
638 3076 691 3147 qui
710 3073 803 3145 paulo
821 3084 890 3132 ante
907 3083 943 3132 ut
961 3073 1047 3131 stella
1063 3073 1143 3130 iuci-

189 3142 341 3211 dissime,
366 3152 402 3201 ut
416 3146 636 3215 Phosphorus,
662 3142 850 3216 effulgebat3
870 3146 923 3218 qui
941 3152 1088 3215 potestate
1110 3152 1145 3200 et

180 3214 283 3277 {armis
306 3222 411 3284 gentes
437 3218 591 3282 terrebam
612 3218 664 3289 qni
687 3233 744 3284 se,
771 3226 806 3274 nt
828 3226 914 3286 pater
937 3216 1142 3274 Nabuchodo-

189 3297 304 3351 nosor,
327 3301 382 3356 pro
395 3288 454 3345 deo
470 3290 613 3356 gerebat,
637 3298 667 3345 et
679 3290 711 3346 in
732 3290 910 3359 Babyloniae
923 3289 1002 3345 lauis
1019 3288 1142 3349 adorati

185 3356 310 3413 ‘volebat
325 3359 392 3426 sic,
419 3367 453 3415 ut
471 3361 673 3419 liebraeorum
694 3360 778 3416 Dens
800 3361 833 3417 in
851 3369 956 3418 monto
979 3361 1075 3425 sion,
1101 3358 1142 3414 ad

188 3425 267 3483 latus
278 3429 498 3504 Hierosolymae
509 3432 612 3498 urbis,
625 3433 667 3490 ad
675 3432 862 3503 Aquilonem
873 3433 947 3493 sime.
960 3430 1140 3490 Soletlocns

187 3496 239 3553 hic
256 3499 294 3555 de
311 3502 452 3560 Lucifero
466 3502 531 3561 sive
548 3507 660 3562 satana
674 3503 772 3575 accipi
786 3519 794 3560 t
810 3505 862 3565 eui
874 3512 979 3576 aptare
997 3500 1138 3573 singula,

188 3580 251 3624 non
270 3579 317 3626 est
331 3572 464 3631 difficile.
503 3602 507 3609 ·
639 3602 642 3609 ·
1055 3596 1058 3599 ’

223 3639 400 3701 11111061)ιό
411 3646 555 3713 gaudere.
578 3648 733 3719 sapientia
747 3647 859 3706 dieitur
876 3649 975 3704 lutens
991 3658 1092 3703 coram
1104 3657 1138 3698 eo
