2475 4034
179 121 249 217 392
453 121 597 190 Uncus.
648 121 856 190 Uasconum.

212 240 340 297 bunna,
359 236 404 295 lnu'
415 238 588 306 consillum,
611 252 684 311 coge
697 237 872 298 concilium:
882 244 956 311 pone
967 233 1141 316 duminhe-

177 319 235 369 torn
257 312 391 367 nmmum
413 318 497 367 tuum
521 311 551 367 ln
580 309 698 368 mnidie
715 326 726 364 .·
744 309 889 367 absconde
906 311 1083 382 fugientes,
1108 321 1141 373 et

175 396 266 512 veagis
277 397 316 439 nc
328 381 448 456 modus.
458 386 505 511 (is.
521 391 578 439 xvt
590 381 786 510 bhbrospice
798 379 872 449 tibi,
887 381 1009 510 οιέἓρὴ
1021 423 1030 451 ,
1044 392 1139 513 effi

176 467 413 585 'dissidii
429 466 838 596 ,intunduntur
852 466 1136 599 “insiliisse

178 606 210 658 et
220 604 381 671 receptum
400 598 522 671 apudte
540 605 723 669 quaerentes.
747 598 813 655 lloc
829 604 865 653 tu
885 596 1062 654 humaniter
1077 611 1137 657 ex·

178 671 265 742 cipc,
285 677 316 727 et
328 686 345 728 e
358 684 482 728 summo
501 678 579 727 aestu
590 668 774 727 calamitatis
789 677 987 726 accurrentes
1011 684 1048 727 ac
1063 670 1137 729 iati-

178 751 265 813 gatos
281 756 398 802 securae
416 740 527 812 quietis
544 742 656 799 umbra
672 748 751 811 tege.
786 741 859 797 sine
882 742 966 812 apud
987 749 1017 797 te
1038 741 1137 802 latere

177 812 305 883 exules,
327 813 393 871 noli
412 814 553 871 hostibus
571 827 627 871 eos
645 814 777 885 prodere
788 830 798 880 ;
823 813 869 869 sic
892 813 938 869 tui
960 825 1082 886 proque
1099 813 1136 873 ih

159 899 163 904 ·
179 881 272 945 simili
285 885 373 945 clade
386 900 422 943 ac
435 886 506 955 iuga
522 885 675 943 Dominus
688 883 895 943 miserebitur.

215 960 448 1018 bunnacotun.
472 958 599 1025 Ninive,
622 973 639 1015 a
658 955 959 1032 nabuchodonosore
981 959 1133 1029 obsessa,

178 1031 383 1087 recordabitur
393 1029 536 1102 sortiunt,
555 1044 666 1087 eorum
687 1042 779 1099 opem
800 1028 961 1100 requirens
983 1046 993 1087 t
1012 1036 1044 1087 et
1061 1043 1136 1089 suc

178 1111 306 1161 current
323 1102 370 1160 illi
382 1103 507 1174 quidem
528 1101 686 1169 celeriter,
705 1100 897 1161 sedeorum
916 1097 969 1162 alii
991 1111 1079 1158 ruent
1099 1102 1134 1160 in

178 1175 413 1241 itineribussut's,
431 1174 532 1245 primo
544 1174 662 1245 impetu
673 1169 712 1232 nb
729 1173 818 1230 hoste
831 1171 941 1244 delecti
962 1188 970 1230 τ
990 1173 1042 1231 alii
1058 1173 1135 1233 celo·

179 1246 252 1306 citet·
263 1247 417 1304 ascendent
430 1261 530 1302 muros
545 1247 624 1318 ejus,
642 1255 670 1301 et
678 1246 897 1318 preparabitur
911 1246 1134 1303 umbraculum:

113 1379 115 1382 ,
178 1318 360 1391 pugnabunt
373 1318 502 1376 emeris
524 1325 634 1376 contra
651 1317 849 1385 obsidentes,
867 1325 899 1374 et
919 1325 1028 1376 contra
1050 1315 1133 1378 aeris

180 1389 309 1459 injurias
327 1390 525 1448 tabernacula
538 1389 571 1446 in
583 1389 660 1460 ipsis
675 1388 838 1450 moenibus·
850 1389 945 1459 ligere
958 1399 1131 1462 cogentur,

179 1462 255 1522 adeo
264 1462 406 1532 pertinax
419 1476 461 1519 ac
469 1460 613 1518 diutmna
626 1461 813 1532 oppugnatio
826 1461 892 1517 crit.
906 1460 982 1518 nah.
998 1471 1026 1518 ιι
1040 1462 1067 1519 ὅ.
1095 1515 1098 1524 ,

213 1535 361 1592 [inclitus.
375 1537 446 1590 Ecce
456 1533 577 1590 mainus
585 1538 750 1605 poenorum.
765 1536 933 1591 dmosvm
949 1552 972 1589 1.
987 1534 1072 1594 stent
1079 1527 1134 1591 hic

178 1604 272 1663 etiam
284 1605 450 1663 altissimos
466 1619 573 1664 remos
584 1605 734 1671 durabit,
748 1605 883 1678 etpom'a
896 1605 1040 1677 spolianti
1053 1619 1134 1684 prae·

177 1678 229 1736 bet
242 1692 251 1735 τ
264 1677 312 1752 sic
321 1678 466 1751 Assyrius
479 1685 662 1750 assequetur
673 1685 705 1736 et
716 1677 817 1748 capiet
828 1678 928 1734 etiam,
936 1677 1134 1736 celsissimos

178 1757 210 1808 et
224 1749 439 1809 securissimos
454 1757 624 1822 quosquee
638 1749 753 1822 populo
767 1748 938 1826 israelitico
959 1764 967 1807 ε
988 1750 1133 1823 quianon

178 1822 318 1894 adjicien
328 1824 424 1890 ultro,
437 1830 470 1882 ut
478 1833 682 1896 pertranseunt
692 1836 773 1889 eum,
788 1821 862 1877 dicit
870 1821 1020 1880 Dominus
1030 1861 1041 1889 ,
1053 1820 1130 1881 inii.

177 1908 207 1953 v.
223 1910 249 1951 2.
264 1895 327 1965 jaus
344 1909 407 1956 non
425 1894 647 1977 dissimulabo,
660 1908 719 1952 nec
733 1894 920 1966 impunitum
938 1891 1047 1966 patiar.
1073 1957 1077 1964 ,

214 1968 316 2025 Undo.
329 1966 397 2024 vid.
414 1966 597 2025 Poent'tentiu.
959 2033 962 2039 Δ
1081 2029 1086 2040 ,

189 2099 191 2106 Α
213 2040 341 2098 Unduts.
364 2042 519 2097 Peccatum
530 2040 609 2097 undo
620 2038 761 2111 scriptum
775 2037 1014 2112 eststytofmco
1030 2036 1061 2094 ln
1072 2045 1131 2096 'un-

177 2124 236 2181 gue
254 2112 456 2170 adamantino.
477 2113 540 2170 ier.
555 2122 626 2170 xvtt
647 2130 679 2179 ι,
703 2110 786 2183 stylo
805 2111 930 2188 terreo,
949 2110 1131 2184 culus'gra·

177 2182 287 2253 phium
298 2183 363 2241 sive
376 2183 481 2256 cuspis
493 2198 532 2241 ex
545 2185 708 2241 adamante
721 2184 780 2249 sits
800 2175 868 2251 vel,
883 2181 911 2241 si
922 2183 1041 2251 masis,
1054 2191 1130 2252 cum

177 2255 214 2310 b.
241 2256 454 2328 Hieronymo,
476 2256 509 2313 in
532 2256 642 2313 tabella
668 2254 892 2325 ndumentlna,
916 2257 985 2326 qum
1005 2260 1132 2326 propter

177 2325 310 2384 nitorem
318 2327 355 2384 ah
363 2326 1126 2400 unguishumanisimilitudineunguisappelletur.

214 2399 351 2455 unauna,
374 2398 473 2456 llalus
494 2407 525 2455 et
542 2399 639 2456 falsus
659 2407 767 2478 pastor
795 2398 1044 2470 (Antichristus)
1062 2410 1128 2457 non

177 2469 271 2527 modo
282 2483 408 2539 gregem
419 2470 572 2541 negliget,
592 2471 649 2527 sed
664 2471 732 2543 lpse
743 2486 846 2528 carnes
883 2472 1017 2541 inguinos
1033 2484 1130 2528 corna

179 2540 244 2609 det,
259 2549 288 2597 et
301 2542 427 2613 ungulus
440 2558 541 2600 corum
554 2542 706 2612 dissolvet,
720 2542 740 2599 i.
751 2557 780 2600 e.
797 2557 836 2615 pe
883 2544 931 2601 sui
949 2542 1129 2609 ictibuscss

177 2610 340 2681 distringet.
364 2613 456 2672 zach.
472 2626 508 2672 itt
522 2616 563 2670 16.
619 2684 622 2687 .
702 2624 705 2628 ’
1022 2677 1025 2686 ,
1087 2671 1092 2676 .

214 2686 253 2754 i)
278 2683 395 2757 Ungula
414 2688 662 2745 odoramentum.
681 2691 765 2744 luter
783 2685 860 2762 alia,
882 2702 950 2761 quae
965 2683 1130 2763 odoratum

178 2759 1128 2832 rumam,numeraturungutanccti.xxtusr.graece‚·onyx.

178 2832 223 2886 Ex
237 2828 286 2886 his
298 2829 374 2900 ipsis
393 2832 599 2899 aromatibus,
619 2847 687 2904 quac
708 2831 862 2889 siracides
883 2831 904 2904 1,
921 2833 950 2891 d.
966 2837 1129 2899 recenset,

175 2901 346 2987 ¹thymiama
356 2903 505 2975 componi
515 2904 665 2961 hominus
680 2905 820 2974 irriserat.
834 2905 887 2962 bi.
902 2916 967 2962 xxx
977 2905 1012 2969 bt
1030 2920 1038 2961 :
1057 2915 1131 2976 per·

178 2975 401 3032 miscereenim
410 2977 570 3047 oportebat
581 2976 747 3044 stocternd.
757 2990 785 3034 e.
796 2974 968 3051 lacrymam
977 2976 1130 3050 myrrhae,

171 3053 207 3101 ,ct
225 3047 338 3119 onycha
354 3059 410 3104 sen
426 3047 593 3118 ungulam,
613 3050 775 3120 galbanum
793 3049 860 3105 bons·
874 3049 994 3115 odoris,
1015 3058 1044 3105 ct
1062 3051 1130 3105 thus

179 3116 420 3186 tucidtsssimun,
446 3119 530 3191 quod
546 3121 579 3176 in
595 3119 815 3179 Ecclesiastico
832 3120 949 3180 ibidem
965 3120 1077 3179 dicitur
1092 3119 1132 3176 tt-

180 3191 272 3246 banus
296 3205 354 3247 non
372 3190 479 3247 incisus
498 3207 509 3245 .·
527 3205 601 3248 nans
628 3191 698 3250 thus
717 3201 879 3262 atomum,
901 3201 937 3250 ut
954 3192 1129 3265 appellant,

179 3263 1006 3338 praestantiusesteutomosiveinciso:libonosautem
1015 3262 1131 3323 Grecis

179 3332 251 3390 thus
264 3342 332 3401 est,
350 3342 382 3390 ct
397 3334 497 3392 thuris
513 3334 689 3393 arbusculo.

215 3406 404 3463 Uasconum.
416 3408 498 3463 Deus
505 3407 654 3478 educavit
664 3408 739 3465 sicut
748 3409 931 3467 unicornium
939 3405 1133 3482 suncttltciun

178 3488 278 3538 suun·
295 3480 528 3548 Pe'uxxvnsp.
553 3479 889 3550 seu-rhinocerotum,
911 3497 968 3539 seu
983 3491 1138 3539 menone

179 3554 282 3603 sotum
295 3562 412 3606 cornua
424 3549 652 3619 intelligamus,
664 3551 873 3625 similitudinis
886 3552 1051 3611 eademvis
1064 3558 1130 3621 est3

179 3619 389 3696 sanctuarium
401 3619 546 3679 videlieet
561 3622 618 3678 lici
629 3630 694 3679 tam
707 3623 955 3698 pulchritudine,
963 3635 1063 3696 ‘quam
1075 3622 1132 3681 dr·

178 3691 284 3744 mitate
295 3690 433 3752 maxima
443 3692 541 3753 inisse
552 3693 769 3767 conspicuum,
998 3703 1001 3708 ’
