2475 4034
81 134 85 141 ·
171 109 238 208 176
477 109 586 176 Fauo.
634 108 791 175 Foenuru.

200 230 300 287 Fauo
319 219 462 295 utorium
473 231 566 282 terrac
579 230 694 282 sauctae
706 222 891 296 proprium,
913 222 1011 284 ‘i'erra
1022 227 1122 288 fluens

163 302 246 362 lacte
265 307 296 358 et
312 297 415 358 melle.
435 296 501 354 ie.
520 294 682 354 abundans
698 309 762 353 nou
775 296 869 354 rebus
880 304 1002 356 tantum
1014 312 1121 358 ncces·

166 372 280 439 uariis,
296 366 521 429 verumetiam
536 365 656 425 deliciis
671 385 681 434 ;
699 367 884 426 nominatim
902 367 983 427 iacta
1000 379 1123 442 propter

165 443 325 507 laetissima
335 455 472 513 pascua,
485 447 518 497 et
526 438 622 496 melle
630 437 671 496 ob
683 437 872 497 immensam
881 439 1005 512 copiam
1018 457 1121 514 apum.

201 520 347 575 Fnuvrus.
363 514 396 571 Si
408 525 524 570 nomen
535 511 698 583 proprium
709 524 773 569 non
785 511 989 583 adiungatur,
1008 515 1119 574 eodem

166 588 263 649 modo
280 584 496 656 accipiendum
509 624 519 651 ,
537 596 599 654 quo
610 581 705 655 paulo
716 591 787 641 ante
800 583 839 641 ne
851 585 981 641 Flumine
991 585 1123 657 explica·

165 669 233 719 tum
245 666 302 718 est.
319 655 606 723 siciix.xx11151‚
625 656 655 712 1.
668 656 755 712 esdr.
770 665 805 713 tv
821 672 850 710 ιι
866 697 875 724 ,
893 657 945 724 io,
962 677 1016 727 17,
1032 667 1065 715 ct
1077 676 1120 716 eo.

166 732 337 803 Euphrates
363 743 400 786 eo
421 727 574 788 vocabuio
593 727 757 785 iudicatur.

202 806 323 864 Fonte.
344 803 396 858 os.
412 810 452 858 ιιι
465 817 491 856 a.
510 797 736 867 Hebraismus,
756 798 845 873 cuius
863 798 1033 858 obscuritas
1051 801 1123 860 iude

166 875 287 943 oritur,
312 874 394 946 quod
410 881 445 931 et
460 872 589 939 fodere,
615 878 796 941 atemere,
821 872 952 937 verbum
977 873 1060 929 idem
1080 874 1123 930 si-

211 946 218 962 ·
242 955 302 1004 cat.
323 946 390 1003 Emi
404 959 475 1004 eam
490 945 657 1012 (uxorem)
670 943 748 1001 mihi
763 944 864 1016 pretio
877 944 993 1014 argenti
1005 952 1037 1000 et
1047 945 1122 1002 bor·

207 1019 227 1076 i.
243 1019 294 1077 sic
306 1017 360 1076 ubi
371 1021 461 1077 nent.
475 1018 530 1073 ιι6
541 1029 598 1074 nos
611 1029 685 1073 cum
697 1026 760 1074 nxx
773 1016 956 1074 etebairlaeo
968 1014 1120 1085 legimus,

168 1107 277 1166 uquam
288 1099 417 1162 eruptum
427 1089 607 1147 hauriatiset
623 1088 745 1158 bisetis3
759 1087 793 1145 in
802 1090 887 1146 fonte
898 1087 1042 1146 hebraico
1053 1096 1119 1157 est,

166 1174 197 1222 et
208 1165 299 1222 etiam
310 1180 403 1237 aquus
416 1164 453 1220 ab
466 1160 506 1217 eis
517 1159 633 1232 sortieris
645 1168 781 1232 urgento.
802 1164 875 1217 Erat
893 1169 995 1218 autem
1011 1158 1121 1231 priscis
1144 1213 1150 1223 ,

168 1235 283 1295 seculis
292 1234 506 1300 consuetudo,
520 1232 679 1302 utnuptiae
688 1246 744 1318 per
752 1232 981 1303 coemptionem
993 1231 1121 1304 tierent:

166 1308 250 1380 prod
267 1305 406 1379 pluribus
422 1303 557 1362 ostendit
574 1301 816 1361 litteratissimus
834 1305 992 1363 Barnabas
1005 1304 1123 1369 Britan·

167 1378 239 1436 nius
254 1377 276 1433 Ι.
294 1375 332 1432 de
343 1375 432 1433 vario
445 1373 506 1432 ritu
517 1373 711 1444 Nuptiarum.
735 1375 865 1434 omissis
879 1375 1122 1447 abnuentibus,

168 1448 370 1507 Hebraeorum
387 1446 421 1502 in
440 1444 501 1503 boc
518 1459 633 1513 genere
647 1458 770 1503 morem
788 1448 956 1505 ostendunt
968 1448 1064 1506 verba
1077 1442 1125 1507 Si·

166 1518 283 1586 chem,
307 1518 420 1575 ninam
444 1515 554 1574 iacobi
572 1515 758 1588 patriarchae
778 1515 874 1574 fllium
895 1532 1001 1577 emera
1026 1519 1086 1578 sibi
1107 1532 1124 1577 a

167 1600 255 1666 patre
270 1602 418 1660 sponsam
431 1594 672 1662 quantocunque
680 1587 781 1660 pretio
792 1588 945 1658 cupientis
960 1609 969 1649 a
984 1596 1125 1661 Quaecun-

169 1679 225 1738 que
243 1660 431 1729 statueritis,
454 1659 552 1716 dubo:
566 1667 675 1730 augete
691 1660 787 1717 dotem
805 1663 815 1729 (
830 1673 892 1716 uon
911 1674 1004 1732 quam
1021 1662 1125 1733 puelia

168 1734 260 1804 viro,
285 1733 340 1792 sed
353 1744 447 1804 (ιιιιιιιι
458 1730 512 1788 hic
524 1731 612 1789 uxori
625 1730 753 1800 afferat)
774 1741 802 1787 et
817 1747 943 1788 ratonem
956 1734 1125 1805 postulate.-

170 1817 201 1866 et
215 1809 339 1866 tibuatur
355 1806 492 1862 tribuum.
516 1805 591 1860 Gen.
611 1815 712 1862 xxxiv
733 1823 760 1856 ιι
777 1818 823 1874 sap.

207 1883 373 1940 impuno.
397 1876 531 1949 nunqua
547 1876 736 1946 foederabitur
753 1879 867 1948 ferrum
880 1875 962 1946 ferro
979 1875 1018 1932 ob
1030 1877 1060 1933 A
1079 1877 1126 1935 ui·
1231 1917 1234 1936 .

171 1950 429 2020 incertissima.
444 1952 538 2006 xvia.
551 1892 1122 2021 Ferrumabuquilonesunrchaisseis
1176 2004 1181 2015 ,
1232 1968 1234 1990 =

237 2032 298 2083 ona
313 2035 403 2095 spem
421 2032 557 2091 vanam,
577 2033 597 2079 o
615 2020 790 2079 Jerusalem
809 2036 818 2078 a
837 2020 1068 2091 terrum-ferro,
1081 2034 1124 2079 aes
1162 2046 1164 2051 ⁴
1231 2036 1232 2051 ι

171 2109 198 2154 aa
235 2108 244 2167 ⁴,
265 2093 366 2152 iudaei
381 2090 531 2151 chaiiaeia
550 2091 663 2152 sociari
681 2106 743 2151 oon
764 2100 904 2165 possunt.
923 2091 1081 2165 niripiunt·
1093 2099 1125 2151 te

6 2198 8 2201 v
106 2191 111 2203 ·
173 2167 301 2298 abso.)
320 2165 426 2225 hostes
439 2165 520 2224 iutra
537 2178 649 2227 omncs
667 2172 738 2225 tuos
759 2163 927 2235 terminos,
949 2177 1047 2237 mam
1062 2163 1130 2224 iate

231 2244 318 2298 otua
359 2244 430 2295 atet.
759 2293 766 2304 ,

171 2305 175 2311 ’
189 2326 192 2331 ·
206 2253 355 2370 imaus?
361 2309 451 2380 impii
464 2308 586 2366 Hebraei
598 2307 706 2368 dicunt
725 2323 734 2366 s
749 2307 945 2367 Percusstmus
956 2307 1047 2380 sudus
1058 2320 1126 2364 crota

168 2380 795 2452 ,mortmetcumiusuuoferimuspurtum.
807 2379 1125 2453 uugeuuniausuass
1230 2380 1231 2425 i

90 2451 95 2459 '
171 2466 238 2510 cum
250 2452 403 2509 trauaicrit
409 2491 421 2520 ,
436 2468 496 2508 uon
507 2451 601 2509 amici
613 2467 701 2522 super
712 2467 766 2508 uos
778 2468 790 2508 .·
803 2454 873 2526 quio
882 2452 1032 2529 posuimus
1042 2463 1125 2508 mea-¹

170 2522 287 2581 άαοίατη
306 2538 385 2593 spem
407 2533 560 2591 nostrum,
583 2530 613 2579 ct
636 2524 788 2581 mutuatio
807 2525 933 2597 protecti
950 2539 1059 2582 tumus
1080 2525 1122 2582 la.
1229 2548 1230 2603 3

170 2603 278 2653 ιιιιιιιιι
291 2595 332 2649 ι5.
348 2596 414 2651 Νοιι
423 2594 571 2652 timemus
580 2602 716 2653 mortem
728 2610 765 2654 ac
776 2595 949 2665 tumulum,
962 2604 1027 2654 tant
1038 2593 1124 2654 neiis

170 2666 291 2734 securi,
306 2679 401 2738 quam
413 2666 467 2740 qui
478 2662 594 2724 foeoere
609 2665 668 2723 sibi
677 2667 717 2724 aii
739 2682 812 2728 uem
825 2668 1041 2741 adjunxerunt.
1064 2668 1124 2725 lia*

76 2780 86 2799 .
170 2736 426 2807 buchodonosor,
436 2738 623 2811 populorum
637 2683 813 2810 benenom,
826 2754 901 2799 cnm
911 2740 1124 2811 annosasque

79 2815 105 2889 ,·
170 2810 450 2884 perveneramus
468 2809 594 2871 nocebit
614 2827 625 2869 ε
647 2820 820 2881 sustentant
838 2812 922 2871 euim
944 2824 1125 2884 spem‘nos·

169 2890 269 2951 uam,
284 2888 510 2956 protegamque
519 2896 577 2944 uos
590 2882 651 2954 (iii,
666 2898 743 2958 quos
755 2885 914 2958 prophetoe
925 2882 1125 2944 mendacium

169 2964 393 3026 nuncupant-

205 3028 370 3087 Fououao.
387 3031 448 3086 Nou
460 3029 599 3100 imsuper·
608 3070 618 3097 ,
634 3029 789 3088 nonaneni
801 3028 957 3099 cuiquam
975 3027 1125 3101 pecunias

171 3106 318 3170 mutuus,
334 3115 387 3161 uec
400 3100 552 3170 superavit
568 3101 638 3158 mibi
655 3102 809 3179 quoquam
827 3118 839 3157 r
856 3108 1008 3160 ettamen
1027 3114 1125 3157 munes

172 3172 349 3231 miedicunt
360 3172 439 3229 miti.
451 3174 514 3231 ier.
528 3185 572 3231 xv
588 3191 628 3229 ιο.
642 3172 792 3243 iujuriam
801 3189 859 3230 nec
871 3173 977 3241 intuli,
988 3186 1126 3244 uecpas·

171 3256 226 3301 aus
240 3258 311 3304 sum
331 3261 339 3302 r
356 3253 497 3315 poteram
516 3244 618 3316 quiete
636 3244 760 3315 virere,
773 3245 834 3303 uisi
851 3248 934 3302 Deus
947 3243 1026 3302 mibi
1037 3244 1126 3303 odio-

172 3324 243 3372 sum
253 3317 412 3387 prophetae
424 3317 562 3375 officium
577 3315 797 3387 imposuissem
811 3318 894 3389 quod
911 3316 1054 3375 omnium
1062 3316 1125 3375 iras

171 3383 272 3444 inme
283 3386 459 3446 concitavit.
753 3442 755 3449 ,

206 3458 348 3527 Βαιιιιιιι.
358 3459 455 3517 tubas
466 3459 662 3518 Machabaeus
675 3468 708 3518 et
720 3460 795 3518 socii
809 3461 892 3519 intur
904 3459 1028 3518 ferasin
1036 3469 1126 3518 mori·

171 3522 252 3584 tibus
264 3531 335 3600 soeur'
353 3531 418 3588 cibo
435 3541 578 3588 vescentes
599 3531 891 3590 summasunmna.
906 3531 1006 3591 Maub.
1029 3543 1052 3589 ιι
1067 3531 1122 3588 uit.v

155 3591 275 3652 barbis
288 3608 319 3657 et
330 3601 486 3660 radicibus
500 3603 669 3661 alebantur.

207 3665 242 3734 2)
261 3670 394 3731 Faenum
403 3686 460 3746 pro
471 3674 581 3747 puer,
602 3689 660 3735 acu
677 3674 783 3734 urimo
796 3675 957 3755 ,frumenti
974 3685 1124 3737 unacum
