2475 4034
496 138 695 205 Pansam
1005 134 1073 210 3ti

122 264 182 309 sea
201 248 410 310 instrumento
435 252 557 310 musico
578 259 792 325 prosequatur.
816 251 1073 327 nenoteanes

122 337 245 396 gregem
261 327 468 394 psoptetoram
479 326 708 380 descendentium
718 327 755 381 tic
766 329 897 394 camiso,
910 337 939 383 et
948 337 1017 386 ante
1024 344 1073 386 cos

120 396 293 468 psalterium
299 432 310 462 ,
322 404 351 451 et
362 406 549 467 tympanum,
559 407 586 451 ct
598 398 701 452 tibiam
705 436 721 464 ,.
730 407 758 453 et
767 397 931 466 citiarum,
942 400 1075 472 ipsosque

121 469 336 539 prophetantes.
361 470 387 524 1.
403 471 475 537 Reg.
490 481 511 524 ιι
523 471 549 524 5.
571 468 625 525 ubi
643 477 679 526 et
700 468 773 525 saul
789 469 869 525 inter
888 471 1070 540 prophetas,

122 555 152 599 v.
178 557 206 592 ιι
230 554 275 610 sq.
299 539 350 596 Sic
367 547 399 596 et
416 539 609 607 Chonenibs,
628 540 802 601 navitarum
824 541 988 614 princeps,
1007 558 1073 616 pro·

120 611 223 683 pnetto
233 618 376 683 manat,
394 612 830 685 capnnetnenaansnnetantnnt.
847 614 873 672 i.
890 617 1071 673 Pantitae.
1140 652 1145 661 -

122 685 281 740 chonenias
298 684 427 755 princeps
448 698 502 753 pro
520 686 601 741 itctice
622 685 698 741 inter
720 694 863 742 cantores.
884 685 904 741 i.
926 700 952 743 tt.
978 700 1074 746 sactte

120 755 250 815 tutioae
261 756 432 825 proeiectus.
447 756 489 812 iis·
523 772 551 814 v.
568 774 612 825 ιγ.
627 757 725 813 David
738 757 831 814 etiam
846 764 948 814 certus
961 758 1071 828 clepit,

120 826 173 900 aas·
185 828 390 899 prophetarent
403 827 433 883 in
445 828 586 897 titteris,
611 828 816 902 opstiterit,
841 838 871 885 et
882 829 1030 901 cymbalis.
1044 831 1070 889 l.
1126 860 1133 873 ·

119 902 188 958 Pan.
204 910 279 956 xxv.
299 917 321 953 ι.
337 898 459 956 ldilltuu
472 901 502 955 in
513 901 628 957 cititnt’a
641 902 840 973 prapitttnbat.
854 901 918 967 ibid
929 917 958 958 tt
971 903 1004 959 vd.
1022 906 1073 963 iic

119 970 168 1029 bis
180 970 356 1042 prophetis,
376 984 548 1042 eorumque
560 971 698 1041 collegiis
709 972 885 1030 dilucident
897 973 1071 1044 eleganter,

120 1056 320 1172 momdsuoil
330 1043 455 1166 dissengit
469 1045 570 1102 cesar
591 1044 719 1101 caunos
736 1044 769 1101 in
787 1044 935 1102 domnelo
953 1047 1070 1106 becles.

120 1128 209 1171 seua
251 1133 275 1166 ι.
321 1122 404 1183 spx
434 1154 443 1170 .
1049 1156 1054 1165 .

112 1188 126 1223 '=
155 1190 194 1253 u)
216 1190 351 1243 ioannes
371 1186 506 1257 Baptista
526 1202 566 1245 au
591 1187 750 1260 propheta.
780 1191 988 1260 Interrogatus
1006 1189 1073 1260 ipse

118 1267 166 1315 est
180 1273 188 1314 :
202 1261 343 1329 Propasta
357 1274 386 1314 cs
400 1261 460 1315 teti
479 1268 509 1315 et
523 1262 695 1333 respondit:
716 1276 786 1317 non.
808 1262 895 1317 ioan.
920 1272 932 1317 ι
946 1278 990 1318 nt.
1014 1265 1072 1318 lto·

119 1331 246 1387 dectunt
258 1346 275 1386 a
288 1330 372 1386 fonte
384 1371 393 1397 ,
406 1330 459 1401 qui
472 1331 518 1388 sio
528 1331 771 1403 interpretantur
787 1348 796 1389 :
812 1335 923 1389 Esnee
939 1334 1073 1404 prophe*

118 1409 220 1461 tarum
244 1404 405 1459 nttmetot
430 1404 495 1459 tion
518 1418 597 1460 snm.
625 1404 660 1460 ld
683 1405 767 1461 enim
786 1418 898 1475 patum
921 1407 1073 1462 consentit

118 1488 191 1532 oum
209 1475 257 1530 rei
271 1472 422 1540 veritate,
442 1482 473 1530 ct
490 1474 586 1545 ipsius
606 1474 719 1532 chtisti
736 1476 838 1545 stogia
856 1494 865 1533 :
885 1477 961 1546 Qttiti
972 1477 1071 1535 coistis

118 1547 236 1603 cidere?
250 1548 419 1617 propnetam
430 1549 444 1601 i
460 1548 578 1619 otique,
595 1548 659 1604 dico
672 1548 769 1615 uobis,
787 1557 816 1604 et
827 1549 891 1621 ptos
903 1565 992 1620 quam
1002 1556 1073 1620 pse·
1150 1548 1158 1557 ”

116 1619 240 1688 metam.
251 1620 383 1681 tutan
396 1618 438 1675 so.
451 1621 530 1676 Fons
542 1632 661 1689 grtecus
671 1620 911 1691 perspicuerem
921 1620 1070 1678 ostendit:

119 1690 209 1776 babet
224 1690 308 1749 euim
326 1690 619 1774 prophotasunouten
639 1705 715 1775 onus
734 1690 863 1749 arendo
884 1693 1069 1799 praeposito,

118 1762 1114 1906 ttcttlttlt'titit}attiliititubabunt.
1205 1850 1208 1855 =

118 1906 246 1963 Messias
261 1903 335 1970 ille,
354 1905 392 1960 de
410 1919 471 1974 quo
484 1906 524 1961 ad
542 1909 670 1976 Moysen
687 1905 863 1961 dictumest
877 1920 884 1959 :
898 1908 1071 1976 Ρνσριιειαιη

117 1978 262 2034 suscitabo
279 1977 318 2031 eis
336 1976 371 2031 de
382 1977 477 2031 mettio
488 1978 622 2047 fratrum
637 1992 757 2032 sitorum
773 1976 891 2030 similem
906 1978 958 2033 tui.
981 1978 1068 2034 Densi.

118 2059 203 2106 xuttt
218 2051 258 2104 ιδ.
275 2047 362 2115 Quod
374 2062 447 2103 esse
457 2047 495 2104 de
508 2049 630 2104 cbristo
642 2049 893 2118 praedictante:
906 2051 969 2105 bct.
987 2059 1025 2106 ιιι
1038 2066 1071 2104 ss

116 2120 405 2178 terdecimumest.
424 2119 519 2186 ideo,
544 2119 597 2189 qui
613 2119 898 2188 interrogaverant,
920 2123 1072 2179 loannetn

118 2200 230 2261 turgent
244 2207 252 2248 :
268 2190 344 2260 Quid
355 2204 427 2259 crgo
441 2191 593 2262 baptizas,
613 2192 639 2246 si
652 2201 684 2247 ttt
697 2207 754 2246 non
767 2206 796 2245 cs
810 2192 939 2247 cbristus
951 2231 965 2258 ,
981 2208 1071 2266 neque

117 2265 215 2331 iiiios,
228 2278 318 2336 neque
330 2263 475 2333 Propttctn
485 2265 498 2317 Ρ
510 2266 599 2319 ioan.
613 2274 627 2318 1
641 2264 684 2319 ab.
700 2263 752 2319 uhi
765 2277 873 2318 rursus
887 2274 985 2333 graece
998 2270 1070 2322 dum

118 2335 271 2393 arficulo:
290 2335 338 2391 itte
352 2336 504 2405 Propiteta.
523 2337 626 2406 Neque
639 2334 723 2392 enim
742 2335 823 2391 bano
839 2335 867 2390 ei
889 2342 1071 2404 potestatem

118 2408 224 2466 deberi
236 2415 367 2479 putant,
389 2407 417 2463 si
436 2420 495 2463 nec
512 2406 615 2476 ultas,
636 2421 696 2464 neo
709 2408 837 2473 bnans,
852 2414 905 2463 aut
919 2407 1070 2477 Propheta

116 2480 169 2537 ille
184 2495 316 2550 magnus
335 2487 366 2536 et
385 2492 527 2537 summus
547 2481 595 2535 sit.
623 2477 739 2535 Eodem
760 2478 873 2545 modo,
891 2488 964 2536 cum
989 2479 1069 2536 inter

117 2553 221 2609 turbas
235 2553 273 2609 de
286 2551 398 2608 Messio
414 2559 462 2608 est
474 2566 598 2618 sermo,
624 2549 754 2607 anticulo
770 2548 933 2620 praemisso
949 2550 991 2608 ab.
1001 2551 1069 2608 aliis

115 2624 272 2694 pmpneus
292 2622 497 2694 distinguitur.
517 2628 590 2679 Ctttn
602 2623 752 2679 audissent
765 2625 814 2677 bos
827 2638 975 2679 :monce
985 2623 1047 2694 dtis
1062 2664 1070 2691 ,

115 2696 273 2751 dicebant:
292 2698 341 2752 Hic
357 2706 399 2751 est
412 2712 478 2751 vere
496 2697 648 2769 Propheta.
663 2697 752 2753 ioan.
776 2704 824 2750 vtt
844 2697 887 2758 io.
909 2698 976 2751 lluc
987 2696 1071 2750 enini

117 2766 199 2836 apud
211 2768 332 2824 Grecos
345 2768 474 2824 interest
486 2782 602 2823 notnou
615 2768 755 2837 nudum,
771 2773 802 2821 et
814 2776 927 2823 numen
941 2765 1071 2823 articulo

117 2838 290 2894 munuum:
305 2838 608 2908 cantanensium,
624 2839 826 2910 ttnPropltete‚
841 2846 871 2894 et
884 2839 1064 2909 lePropttctt.

117 2909 204 2977 Quod
219 2922 256 2966 eo
277 2908 348 2965 loco
370 2909 506 2965 declarat
525 2910 720 2967 confirmatio
740 2909 931 2965 dicentium:
955 2911 1005 2966 llic
1024 2922 1068 2967 est

115 2981 256 3037 Gnatus.
277 2978 350 3035 ibid.
370 2995 399 3035 v.
422 2982 465 3043 ts.
485 2984 521 3036 At
540 2981 591 3035 ubi
608 2982 754 3038 articulus
774 2981 881 3047 abest,
905 2989 976 3037 tum
992 2996 1067 3040 sau

116 3063 179 3116 nou
192 3051 254 3121 iam
275 3050 322 3104 itte
338 3051 489 3120 Propheta
505 3052 645 3109 omnium
657 3054 802 3125 princeps
819 3094 828 3119 ‚
850 3053 904 3109 scd
922 3069 995 3109 tintus
1012 3054 1069 3110 ali-

116 3122 185 3208 quis
203 3137 242 3180 ex
259 3121 414 3193 prophetis
434 3130 490 3178 est.
515 3124 678 3199 Dicebant:
697 3125 771 3196 Quia
790 3127 929 3198 propbeta
946 3128 954 3194 t
970 3136 1070 3194 grece

115 3209 183 3251 stne
200 3194 351 3263 articulo,
373 3210 412 3249 an
426 3197 583 3267 Propheta)
599 3206 642 3253 est
655 3238 664 3264 ,
678 3198 762 3269 quasi
775 3212 847 3251 unas
863 3213 900 3251 ec
908 3197 1062 3267 prophetie.

18 3336 19 3339 Ἴ
112 3269 207 3325 liare.
229 3278 263 3326 ιιι
285 3268 326 3322 ι5.
348 3266 482 3336 Baptista
499 3281 595 3338 ergo,
618 3269 672 3340 qui
690 3268 871 3341 prophetans
886 3283 919 3324 se
931 3267 1064 3339 missum

113 3353 131 3396 a
150 3342 215 3397 ueo
234 3339 349 3410 optime
370 3339 581 3409 intelligebat,
602 3354 675 3396 eum
693 3354 726 3396 se
747 3354 817 3396 esse
836 3353 898 3396 non
921 3339 1071 3407 negatwt

114 3411 169 3467 sed
182 3412 436 3481 interrogantium
453 3411 623 3481 suspicioni
637 3412 676 3468 de
692 3412 805 3468 Messio
819 3423 988 3467 occurrens
1000 3448 1012 3476 «,
1032 3408 1072 3464 ti-

113 3482 187 3540 uero
205 3491 393 3540 contestatus
410 3491 479 3549 est,
504 3497 539 3539 se
560 3482 648 3540 illum
667 3482 855 3555 Prophetsm
876 3481 997 3553 generis
1015 3479 1071 3536 bn·

20 3608 21 3619 ,
113 3554 199 3611 mani
211 3557 406 3610 Assertonem
420 3569 481 3610 nou
495 3569 573 3610 esse.

148 3623 187 3692 i)
204 3625 398 3695 Epimenides
420 3623 579 3706 propheta.
604 3625 687 3682 Dicit
706 3624 824 3696 quanm
842 3638 880 3678 ca
897 3623 976 3689 iltis,
996 3622 1069 3680 cte-

22 3736 23 3773 ι
113 3695 273 3764 tentibus,
295 3697 430 3768 proprias
452 3711 578 3765 spactant
598 3696 738 3767 propbeta
760 3712 771 3748 :
796 3699 943 3821 Crttcztstt
962 3708 1070 3767 tempto

22 3796 30 3833 i
866 3782 877 3817 1
905 3803 912 3819 .
