2475 4034
171 176 237 249 108
439 169 594 247 Coreto.
644 175 844 248 Comum.

165 293 347 366 Confiteotur
359 294 458 350 omnis
469 288 638 368 modicus
656 294 784 366 filiorm
796 296 896 354 leterii⁴
911 299 983 355 ber.
998 306 1056 356 xvi
1068 313 1114 356 rr.

163 369 367 438 confiteantur
380 354 550 439 iniquitatei
559 381 630 422 sues
643 406 652 434 ,
681 377 711 427 et
723 367 873 440 mojorem
884 384 1027 426 ssorum
1044 374 1128 442 lev.-

162 448 242 498 xxv1
263 439 307 504 do.
333 440 554 510 confitebuntur
571 447 724 510 peccotum
745 455 841 499 scum.
865 444 954 498 llum.
976 453 1037 512 νγ.
1061 445 1119 500 Εσ-

163 511 296 584 demque
309 511 402 569 modo
421 511 453 567 in
468 511 597 569 caeteris.
618 509 803 569 Plumbeum
816 528 892 584 ergo
903 514 1000 570 telum
1019 515 1130 571 intor-·

162 592 258 655 quent
275 582 322 650 il,
346 583 397 654 qui
418 583 457 639 ud
483 590 609 655 peccota
631 597 722 639 suero
744 582 840 653 ludici
862 587 1042 654 exponendo
1060 586 1119 656 im·

161 657 251 727 pium
263 655 389 724 adigunt
402 655 462 711 iilis
475 654 577 712 verbis
592 670 601 711 ε
617 661 679 711 lion
692 657 848 712 demoreris
860 658 891 712 in
903 673 1005 713 more
1016 658 1121 730 ἱιηρὶυ-

161 743 231 783 rom
248 769 268 796 ,,
291 735 361 782 onte
382 736 507 782 inertem
525 727 671 797 confimo.
699 726 792 784 diocli.
819 738 889 785 xvii
914 731 957 785 26.
983 730 1067 786 Viam
1090 740 1128 787 et»

162 813 252 855 sonus
267 798 455 869 confiteberis.
476 798 550 856 ibid
570 815 598 857 rs
623 814 657 870 ²7
671 798 764 856 diihll
777 800 862 857 enim
876 800 1021 858 Sirecidae
1033 801 1120 887 ejus-

163 885 230 942 que,
245 869 438 943 temporibus
458 885 531 931 cum
553 870 698 929 distincta
720 870 905 930 delictorum
923 871 1120 930 cooiemrooe

161 942 195 1000 in
209 954 324 1005 arcano
344 943 448 1014 aliquo
460 941 619 1000 tribunali.

199 1018 215 1071 2
230 1014 439 1091 >conitentes
458 1015 694 1077 misericordie.
715 1015 917 1088 confiteantur
928 1017 1048 1073 Domino
1062 1017 1119 1071 csi-

162 1087 328 1143 s‘ericordicr
344 1088 428 1159 ejus,
449 1095 477 1142 et
489 1085 717 1159 mirabiliarios
734 1088 970 1158 tiiibbemiretm.
994 1091 1044 1152 Pe.
1062 1098 1119 1159 cvl

160 1158 202 1227 e,
232 1166 263 1217 et
278 1159 424 1231 deinceps
445 1158 506 1216 hoc
527 1160 653 1217 Psalmo
671 1161 793 1229 sepius.
817 1164 896 1233 lpse
908 1159 1118 1217 misericordis

162 1231 287 1289 nomini
304 1246 416 1301 opera,
437 1230 503 1300 ipse
518 1231 585 1301 ejus
599 1231 740 1303 prodigia
754 1232 845 1297 iliom
863 1244 971 1291 coram
983 1232 1120 1293 homini-

162 1301 220 1358 bus
233 1302 378 1368 laudent,
392 1302 517 1374 quoodo
530 1316 587 1359 nos
596 1303 631 1359 id
644 1302 748 1359 iecere
761 1305 854 1374 digne
865 1314 1121 1375 nott'possomass·

162 1373 290 1431 Videtur
310 1382 414 1430 tameo
435 1373 564 1442 exiguus
584 1373 704 1431 librarii
724 1374 853 1432 subesse
869 1377 997 1447 lapsus,
1021 1385 1052 1434 et
1067 1379 1133 1433 mi-'

161 1445 335 1509 scricordics
353 1443 547 1514 legendum,
573 1457 637 1502 nou
659 1445 874 1503 ndsetcordo.
908 1448 1127 1517 confiteantur·

161 1515 207 1572 illi
222 1518 231 1586 (
245 1532 273 1574 νί
299 1516 329 1568 ι5
344 1527 409 1601 sqq.
425 1516 435 1585 i
456 1515 510 1586 qui
522 1528 579 1586 per
596 1516 681 1573 ioris
699 1527 838 1574 errantes
852 1556 862 1584 ,
879 1518 1007 1575 etiams
1020 1534 1057 1576 ae
1070 1521 1123 1576 siti

161 1602 251 1660 prens
267 1587 423 1654 coniecti,
446 1585 503 1642 Del
515 1602 575 1657 ope
589 1587 691 1644 subito
704 1596 736 1644 et
752 1589 791 1645 ed
803 1589 922 1656 mem,
944 1596 974 1645 et
986 1590 1018 1646 lu
1037 1590 1120 1647 siem

85 1674 97 1699 r
162 1662 299 1719 revocati
318 1668 391 1717 sunt
411 1675 420 1716 ε
440 1658 648 1717 confiteantur
660 1659 693 1715 hi
712 1667 799 1730 grato
818 1661 922 1717 animo
940 1659 1007 1718 hec
1027 1660 1123 1718 bene·

122 1776 127 1785 ,
163 1731 252 1800 licie,
273 1741 304 1790 et
315 1735 549 1790 coramlteorc
561 1731 742 1789 hominibus
753 1731 1013 1801 admirandrejnu
1025 1746 1121 1802 opero

162 1805 297 1863 laudent.
324 1804 374 1862 Sic
394 1813 511 1862 etcum
527 1804 698 1872 hebreico,
723 1812 850 1862 etcum
871 1816 994 1872 mesco,
1015 1804 1120 1861 omnio

94 1894 98 1903 ¹
163 1876 312 1951 ppaeclore
332 1876 531 1936 consentiunt
550 1894 559 1934 r
580 1884 673 1948 atque
690 1876 724 1932 in
742 1875 829 1934 bane
846 1876 1030 1933 seutentiam
1042 1876 1124 1933 doc·
1198 1876 1203 1881 “
1233 1890 1234 1895 ’

163 1957 212 2008 tor
231 1949 385 2005 maximus
406 1950 617 2034 Hieronymus
635 1946 802 2006 transtulit·
958 2008 964 2017 Ι
1080 1988 1083 1992 -
1232 1982 1234 1987 -

200 2019 344 2078 consuo.
374 2021 437 2077 Sub
457 2021 554 2091 impio
574 2020 728 2079 Antiocho
754 2017 973 2093 Epiphaneae
1001 2020 1123 2076 aeditis

162 2100 327 2167 recesset
347 2093 530 2166 condentur,
553 2097 582 2148 et
599 2092 773 2163 cliguntur,
793 2102 822 2149 et
841 2093 1022 2149 dealbentur.
1041 2095 1126 2149 Dens

163 2165 255 2221 1155.
276 2167 321 2221 Ex
333 2162 408 2234 legis
427 2164 533 2237 peritis
548 2165 675 2241 quidam
688 2164 790 2237 poenis
801 2172 837 2227 et
853 2165 1009 2223 cruciatui
1028 2165 1125 2236 subji-

163 2236 293 2311 cientur.
315 2235 468 2306 nllcgortr
483 2236 521 2294 ab
539 2244 690 2307 argemo,
712 2237 797 2309 quod
813 2237 886 2308 igne
905 2239 1076 2295 condatum
1093 2244 1125 2294 et

162 2318 356 2381 purgatum,
383 2307 580 2379 splendorem
603 2317 720 2378 auget,
746 2321 821 2366 ace
844 2310 972 2395 flemma
995 2309 1123 2367 lectissi·
1231 2380 1233 2402 A

162 2394 252 2439 mum
270 2389 302 2436 et
314 2381 570 2439 candidissimum
587 2381 699 2451 prodit
810 2411 846 2457 ·.
903 2416 907 2421 -
961 2416 965 2423 .
1231 2408 1233 2438 J

170 2482 172 2487 ·
199 2453 396 2510 consenso.
419 2453 520 2508 Dicent
540 2453 625 2510 doces
642 2451 719 2508 ouda
736 2452 767 2507 in
784 2451 872 2508 corde
890 2465 977 2506 suo:
1001 2451 1125 2521 confo-
1231 2449 1233 2499 l

166 2524 534 2580 tentdrmibibubitotores
546 2526 710 2581 Jerusalem
723 2523 755 2579 itt
767 2523 897 2579 oenone
918 2521 1009 2578 zach.
1031 2532 1080 2578 xit
1094 2525 1122 2578 5.
1231 2526 1232 2563 ἲ

164 2596 230 2652 biiii
247 2595 419 2660 redundat,
442 2608 530 2653 more
549 2598 777 2662 Remorum,
802 2593 856 2665 qui
876 2593 1014 2651 datium
1034 2593 1124 2663 pleo-
1231 2628 1232 2669 ἶ

164 2666 319 2725 nesticum
330 2667 523 2738 pronominis
541 2668 656 2725 addere
668 2667 763 2724 verbo
777 2673 891 2723 emant
911 2667 1038 2725 Ducum
1051 2672 1123 2722 voto
1231 2674 1232 2697 l

163 2753 221 2811 par
239 2746 367 2797 eventus
385 2739 507 2796 iuturus
528 2739 704 2809 predicitur
724 2756 733 2805 3
758 2744 880 2794 tentum
899 2736 1123 2794 enim-roboris

166 2812 393 2882 suppeditatum
413 2811 453 2868 iri
475 2809 681 2869 militantibus
704 2818 811 2869 contm
832 2809 937 2866 hostes
957 2807 1120 2878 ecelesiae,
1231 2864 1232 2867 ,

166 2891 201 2941 ut
217 2897 271 2941 eos
288 2883 373 2940 haud
388 2897 501 2951 secus,
529 2898 565 2941 ec
583 2884 664 2955 ignis
682 2881 766 2954 ligna
779 2889 810 2938 et
825 2881 945 2938 ioenom
967 2882 976 2949 i
996 2895 1025 2939 v.
1044 2894 1092 2952 sq.
1111 2884 1122 2949 )

88 2972 94 2983 ·
166 2955 342 3013 devoraturi
366 2955 437 3012 sint.
464 2954 656 3014 Felicissime
681 2954 749 3013 haec
775 2950 932 3012 exereitus
957 2951 1124 3010 Christiani

166 3026 296 3086 docilius
319 3027 490 3099 apostolis,
514 3040 687 3099 eorumque
707 3026 858 3085 militibus
884 3038 1026 3083 evenere

203 3102 238 3169 il
251 3099 485 3158 benedictiones
496 3100 687 3158 confortate.
704 3096 907 3157 sisemundus
919 3096 1032 3163 iacob,
1049 3095 1125 3154 dum

167 3170 238 3230 liliis
261 3173 340 3230 bene
364 3179 532 3242 precatur,
563 3170 602 3228 ed
616 3171 792 3243 Josephum
817 3170 888 3227 ait:
914 3169 1125 3226 benedictiones

166 3243 259 3316 petris
282 3244 525 3314 tci'eonfortotae
545 3251 615 3298 stent
636 3243 878 3300 benedictionibus
898 3250 1021 3312 petrem
1037 3242 1119 3312 ejus

168 3316 257 3372 denec
267 3316 376 3374 veniret
389 3315 687 3372 desideriumeoliicm
695 3324 884 3372 simorum.
900 3314 974 3371 Gen.
990 3322 1068 3370 λιιι
1078 3315 1121 3369 ab.

167 3386 341 3456 Amplior-es
359 3396 391 3447 et
408 3387 566 3445 uberiores
586 3395 659 3444 sunt
679 3387 910 3451 benedictiones,
936 3383 1047 3457 quibus
1066 3398 1124 3454 ego

167 3463 198 3512 te
209 3459 357 3527 cumulo,
377 3458 615 3516 benedictionibus
647 3467 750 3514 etrum
765 3470 935 3524 meorum,
956 3456 1124 3528 quaemihi

168 3527 329 3598 reliquere.
350 3533 447 3587 buret
464 3530 532 3588 lraec
550 3539 603 3587 tue
630 3528 774 3597 elicitos,
802 3528 902 3585 donec
923 3527 1028 3584 reniet
1045 3526 1125 3582 lies·

169 3595 230 3651 sies
245 3596 298 3655 ille
319 3612 442 3671 semper
464 3616 481 3658 a
504 3602 618 3659 sanctis
637 3599 783 3657 omnibus
807 3598 1125 3657 desideratus..Bons

168 3661 353 3792 'elberillffla
370 3673 442 3743 bont
459 3673 599 3785 incapite
613 3671 716 3743 iosepb
733 3670 829 3742 libid.
846 3672 857 3741 l
876 3670 909 3788 in
926 3675 1019 3742 capot
1036 3674 1125 3729 mum
