2475 4034
205 127 260 200 '‘2ss
469 192 473 198 .
499 120 688 199 baonivo.
738 131 872 200 Aenus.

204 270 206 275 ·
247 246 281 315 bl
300 244 547 304 blanleanlernl,
561 246 734 302 illuminans
747 255 780 302 tu
791 246 963 303 mirabiliter
978 262 998 303 a
1010 248 1157 308 montibus

210 318 335 374 uternis.
359 320 408 376 Pe
433 324 517 374 nnxv
537 318 565 370 5.
588 318 740 376 Hebraico
756 326 824 385 est,
842 320 1016 375 amontibur
1036 324 1156 392 prunam

211 403 323 460 nempe
337 403 430 463 quam
447 388 545 447 Judaei
557 388 689 444 retulere
703 389 943 459 amplissimam,
957 392 1069 449 occisis
1080 393 1157 451 diri·

210 460 293 517 nitus
304 476 365 518 uua
376 465 519 540 noctelot
530 459 728 531 Assyriorum
740 460 890 530 millibus,
899 470 1024 534 lotoque
1040 467 1158 523 senna·

211 532 318 590 charib
331 530 505 589 exercituin
513 529 546 586 iu
567 540 744 589 amaveram
762 532 877 589 AEterni
888 534 1160 602 optimodicuntur

210 602 245 662 bi
255 610 397 669 montes,
420 599 493 672 quia
505 544 623 659 ruffum
634 603 748 658 Judaeae
766 604 925 661 immobile
940 619 976 661 ao
994 612 1134 675 perenne
1147 649 1166 676 ‚.

210 682 242 732 el
259 673 340 730 hosti
362 671 559 756 culcunque,
582 670 890 744 impotentissime,
914 678 1050 746 quandin
1076 679 1159 736 lare·

211 751 259 801 ret
277 747 384 811 Dens„
407 744 623 814 insuperabile.
652 744 781 813 eridam
800 746 953 804 montium
971 755 1159 809 aelernerum

210 815 337 882 nomine
357 813 453 873 ooelos
468 815 661 888 intelligunt,
681 817 752 887 quia
768 818 948 892 corporibus
971 819 1038 876 aliis
1057 821 1167 878 omni·

210 886 268 943 bus
283 887 425 954 altioresa
448 887 503 944 aad
519 888 669 946 hoo'satis
686 887 844 946 violenter.
867 888 927 944 Alii
944 890 1085 947 coelesles
1099 894 1160 950 lle·

210 956 537 1086 nias-interpretantur
558 975 566 1017 a
598 959 818 1023 vereniano
841 974 968 1019 sensnm
988 963 1166 1035 mysticum.

188 1069 189 1072 ,
205 1043 251 1102 pe
282 1039 355 1086 ineu

247 1103 418 1161 Aoonnvo.
438 1102 536 1160 Prima
551 1109 679 1174 tempore
693 1103 828 1161 alleviata
843 1111 887 1161 est
905 1112 987 1160 terra
996 1104 1158 1166 zabulon.

212 1180 241 1229 el
261 1182 343 1229 terra
360 1175 488 1247 Nepblali
502 1192 515 1241 ,·
538 1182 567 1229 el
582 1174 735 1232 nouissimo
752 1185 923 1246 aggrmaala
942 1186 986 1234 est
1002 1177 1052 1233 uia
1066 1177 1160 1245 maris

213 1252 297 1300 trans
308 1246 464 1303 ⁸lanienam
479 1245 602 1300 Galilaia
615 1247 757 1303 Gentium.
773 1249 916 1319 Populus,
933 1248 983 1320 quii
993 1249 1169 1306 ambulabat:

212 1316 243 1371 in
256 1317 378 1372 tenebris
393 1356 402 1382 ‚
415 1316 488 1372 υἰάὶι
499 1317 592 1372 lucem
604 1333 769 1387 magnam:
789 1319 984 1375 habitantibus
998 1321 1029 1375 in
1041 1320 1162 1389 regione

212 1388 321 1444 umbra
331 1387 434 1444 martis
444 1428 453 1454 ,
464 1389 517 1443 lun
529 1397 597 1444 arta
608 1398 655 1443 est
665 1390 715 1444 eis.
729 1391 768 1445 ls.
782 1400 817 1445 lx
836 1408 847 1443 ι
866 1405 910 1460 sq.
924 1394 1082 1458 Quorsum
1093 1391 1168 1449 lraeo·

209 1458 372 1519 reserenda
394 1458 476 1527 sint,
501 1458 641 1517 dubitare
659 1473 721 1517 nou
739 1459 812 1516 sinit
831 1462 967 1518 narratio
980 1461 1160 1530 Evangelii,

176 1534 178 1539 ’
211 1542 281 1601 quae
293 1530 331 1586 de
344 1529 465 1587 Christo
477 1529 544 1591 haeo
556 1530 670 1589 referi:
683 1531 825 1589 babilonii
836 1531 867 1586 in
880 1535 1163 1603 capharnaum-ma-

211 1601 333 1667 ritima,
352 1603 383 1657 in
396 1602 497 1673 linibus
510 1602 642 1658 Zabulon
653 1610 683 1658 et
695 1601 874 1673 liepblalim:
885 1612 917 1658 ul
930 1604 1139 1672 adimpleretur
1148 1644 1170 1671 ,,
1193 1635 1198 1645 ·

177 1673 180 1677 ’
203 1672 290 1745 ‘paea
300 1675 410 1731 melum
422 1684 464 1730 eal
474 1689 526 1745 per
538 1672 646 1734 isaiam
657 1676 847 1746 propnetam:
864 1679 954 1730 Terra
966 1676 1096 1731 Zabulon
1108 1714 1119 1741 ‚
1133 1684 1170 1736 eug
1223 1690 1224 1725 3

207 1746 296 1801 'terra
308 1746 485 1818 Nepblalim,
504 1743 552 1800 via
563 1745 656 1801 mara}
672 1754 755 1801 trans
765 1746 943 1813 bardanem,
960 1747 1078 1801 Galilaea
1089 1750 1181 1816 gen-s
1223 1752 1224 1815 ἴ

214 1818 309 1885 tium,
333 1819 454 1890 populus
475 1817 525 1888 qui
544 1817 659 1873 sedebat
676 1818 707 1875 iu
726 1816 874 1885 tenebris,
897 1816 970 1874 vidit
988 1818 1079 1874 lucem
1099 1833 1165 1873 ma-

181 1909 186 1916 ·
211 1890 328 1958 guam:
347 1900 376 1945 el
393 1889 554 1948 sedentibus
571 1889 601 1944 in
616 1889 736 1958 regione
755 1891 863 1945 umbra
880 1889 1002 1956 merlis,
1022 1891 1075 1946 lun
1092 1898 1164 1944 orla

183 1990 188 2001 ·
213 1970 256 2015 est
279 1961 329 2015 eia.
355 1961 461 2018 Mallh.
482 1971 517 2018 lv
542 1959 574 2013 ιδ
599 1974 665 2031 sqq.
689 1963 731 2017 lia
753 1959 884 2017 Golilaeae
902 1975 1004 2031 pars,
1031 1975 1099 2031 quae
1122 1960 1165 2016 ab

212 2032 382 2103 permixtos
400 2032 517 2103 passim
534 2031 672 2089 llehraeis
684 2033 804 2101 gentiles
821 2030 944 2088 Galilaea
962 2034 1096 2088 Gentium
1114 2031 1166 2087 ‹li-

213 2103 361 2172 uebatur,
382 2104 483 2174 prima
495 2102 608 2159 christi
620 2103 794 2161 doctrinam
807 2104 922 2164 audiit,
942 2110 974 2159 el
985 2103 1063 2161 lueis
1076 2102 1164 2159 illius

213 2188 334 2245 magum
360 2175 452 2234 radiis
477 2173 631 2237 illustrata
652 2183 708 2232 esu
736 2175 874 2233 Primam
894 2174 975 2234 hauc
999 2175 1166 2245 regionum

214 2247 356 2304 omnium
370 2247 484 2309 levare.
495 2246 647 2307 Dominus
669 2248 763 2315 ooepil
775 2246 852 2315 legis
869 2259 984 2313 onere,
1004 2255 1035 2304 et
1045 2245 1166 2317 peccati

213 2319 351 2388 pondere
359 2317 553 2376 intolerabili.
571 2317 632 2372 sed
642 2317 681 2373 ad
689 2326 878 2383 extremum,
893 2316 1080 2386 contemptis
1094 2330 1168 2372 om·
1221 2322 1222 2355 l

213 2388 304 2444 nibus
317 2387 559 2446 liberatorissui
568 2388 653 2444 curis
663 2402 700 2444 ac
710 2387 817 2444 studiis
829 2385 1064 2449 ‚infelicissima
1076 2386 1168 2455 regio
1221 2431 1222 2454 p

214 2458 263 2513 his
288 2458 363 2527 ipsis
388 2457 546 2515 beneficiis
573 2465 619 2519 tol
646 2471 683 2515 ao
706 2458 826 2523 tantis,
858 2456 970 2527 quibus
997 2456 1174 2516 relevanda
1221 2462 1222 2511 i

214 2529 350 2585 maxime
369 2528 496 2595 iuerat,
526 2535 689 2598 aggravata
711 2535 766 2584 esi.
791 2531 829 2583 Et
845 2535 906 2595 tu,
933 2529 1167 2599 capharnaum,
1221 2530 1222 2613 l

214 2600 359 2670 pervicax
371 2608 402 2655 el
413 2597 588 2667 incredula,
611 2598 759 2656 inclamat
770 2598 837 2670 ipse
851 2598 991 2662 Christus
1005 2641 1014 2667 ‚
1033 2601 1167 2671 nunquia

217 2672 347 2742 usquein
359 2672 459 2727 aulum
472 2671 671 2728 exaltaberis?
690 2669 820 2742 usquein
833 2671 981 2740 infernum
991 2673 1142 2728 descendas
1155 2687 1168 2726 .·

215 2744 298 2829 quia,
313 2743 338 2798 si
349 2744 379 2797 in
390 2742 518 2799 Sodomis
531 2744 619 2812 suala
630 2742 753 2813 fuissent
765 2742 907 2808 uirtutes,
924 2755 987 2815 quoe
998 2744 1085 2813 sartae
1097 2753 1170 2799 sunt
1219 2732 1221 2797 i

216 2832 246 2870 m
261 2824 310 2882 te,
331 2814 590 2884 sorlernausiaseul
606 2830 693 2886 usque
705 2814 735 2868 in
750 2817 825 2869 banc
840 2814 922 2870 diem.
949 2814 1056 2872 Mollh.
1070 2825 1105 2871 xl
1119 2816 1165 2871 ab.

252 2890 405 2946 Aonium.
417 2889 460 2942 lle
469 2886 582 2943 iudanis
595 2885 792 2957 impudenter
805 2893 836 2942 et
848 2884 952 2956 palam
960 2886 1082 2944 scelera
1094 2899 1168 2957 pro·

216 2957 371 3015 filenlihus
387 2974 394 3016 ι
410 2959 529 3029 Agnitio
546 2958 643 3013 uultus
660 2972 761 3013 aarum
777 2957 924 3029 respondit
936 2957 975 3011 eis
992 2974 1003 3012 .·
1020 2968 1048 3013 el
1063 2972 1169 3024 pecca·

217 3040 280 3086 tarn
290 3046 375 3087 suum
387 3031 472 3103 attasi
485 3029 866 3101 solmiapraaicaaarum,
882 3045 935 3084 uec
945 3030 1167 3085 absconderunt.
1219 3054 1220 3077 ι

216 3104 255 3159 ls.
268 3111 304 3154 ιιι
317 3123 342 3172 9·
358 3105 425 3173 lpse
437 3100 539 3160 vultus
553 3114 607 3158 eos
620 3101 740 3171 prodit,
761 3101 861 3171 doque
873 3099 1002 3157 illorum
1012 3100 1168 3171 pravitate
1219 3080 1221 3225 ἱ

216 3181 367 3231 testatur:
385 3188 486 3244 nequo
505 3172 590 3230 euim
601 3172 704 3230 celant
718 3174 849 3243 flagitia,
876 3171 930 3228 sed
948 3171 1086 3242 jaciant,
1109 3173 1168 3228 so·

196 3246 384 3303 .‹lomorum
404 3245 587 3301 imitatores.
1218 3294 1219 3299 ,

255 3319 369 3374 Aurium
388 3318 493 3374 Emitte
511 3331 622 3388 agnuam
640 3316 758 3372 Domine
773 3315 983 3373 domInatarem
1002 3323 1110 3377 terrra,
1131 3313 1166 3368 ele

217 3390 306 3443 Petra
318 3390 424 3445 deserti
435 3391 473 3445 ari
484 3395 611 3443 montem
623 3389 687 3457 filia
697 3389 773 3443 Sion.
789 3390 828 3442 ls.
844 3397 900 3442 ιιιιι
913 3405 935 3437 ι.
953 3388 1075 3454 Agrium
1088 3384 1165 3449 Dei,

218 3464 308 3537 terroe
320 3460 501 3527 dominum,
525 3459 605 3516 mitti
619 3459 704 3537 cupit
722 3457 892 3528 propbeta,
914 3456 1062 3513 blessiam
1080 3447 1169 3539 virle·
1218 3436 1219 3531 l

219 3522 311 3594 licet,
331 3539 496 3588 venturum
510 3531 544 3586 in
564 3530 663 3588 sionis
683 3537 821 3586 moniam
843 3528 881 3585 de
899 3531 996 3585 Petra
1014 3526 1167 3591 Arabica,

220 3606 284 3653 11011
304 3601 337 3657 in
358 3604 562 3677 sequidem,
589 3603 645 3659 aab
667 3601 699 3658 in
722 3599 800 3656 liullr
820 3599 1012 3666 moabitide,
1039 3597 1166 3655 Danais
1197 3632 1200 3639 ·
