2475 4034
170 172 240 243 228
446 172 659 245 Lac'urmou
702 169 837 240 Lacus.

169 289 288 346 lacinias
300 290 387 358 suas,
409 300 450 346 ne
468 284 647 347 occisarum
663 288 812 358 sanguine
829 287 1039 348 inicerentur.
1061 289 1122 348 tta.

168 361 365 419 currentibus
381 373 457 418 vero
470 359 560 428 aliis,¹
581 360 748 430 quintinus
763 362 846 417 canti
860 360 1010 430 sanguine
1026 361 1119 419 cada-

168 447 277 508 verum
290 448 325 489 se
335 430 527 489 macularent
538 469 549 498 ‚
567 432 695 488 Recedite
706 431 827 502 poliuti,
846 433 1046 488 clamaverunt
1057 433 1119 489 eis:

169 505 312 572 recedite,
333 503 431 570 abite,
456 503 617 559 actitemus
641 510 772 573 tangere.
794 503 966 560 lnclamant
983 502 1117 575 sapim,

168 574 213 633 illi
233 582 314 632 retro
332 574 443 632 cedere
463 573 703 632 recusantibus:
717 575 838 647 Jurguu'
853 575 954 648 quippe
969 584 1065 642 suut,
1090 584 1120 633 et

169 648 304 704 commoti
316 647 455 703 dixeram
467 646 545 702 iuter
555 655 656 715 gentes
669 660 680 702 .·
699 651 760 703 Nou
773 646 858 702 addet
872 648 952 703 ultra
966 655 997 701 ut
1009 646 1119 705 tubitet

169 720 200 775 iu
217 717 257 775 eis
277 735 288 773 .·
310 719 511 775 Hebraeorum
528 716 662 790 populus
682 717 742 788 (ln
764 719 848 775 fonte
866 719 951 775 cuim
971 718 1119 778 hebraico

168 788 295 918 giuretis
314 798 361 845 est
379 803 529 847 numerus
550 789 561 857 i
584 789 731 862 deinceps
752 787 897 862 jamnon
918 787 1064 848 habitabit
1083 790 1120 855 id

187 862 216 918 is
236 861 309 918 oris.
333 861 447 918 Thren.
470 864 505 918 tv'
523 862 555 926 ad
573 874 619 931 sq.
939 898 942 903 -
1063 877 1067 889 ¹
1087 872 1092 881 ‘
1114 894 1118 900 -

186 1006 187 1009 Ἴ
204 936 397 992 Lauaruoa.
423 931 538 1010 Siquis
556 929 719 995 convivam
737 940 768 992 te
785 931 978 1001 invitaverit,
992 940 1120 993 vescere

169 1006 310 1062 modeste
330 1020 366 1062 ac
381 1013 614 1080 temperanter:
635 1005 788 1078 alioquin,
811 1005 839 1063 si
851 1007 929 1066 sorte
945 1005 993 1063 vir
1004 1021 1118 1064 avarus

169 1085 237 1144 est,
262 1085 293 1132 et
306 1075 396 1134 uculo
408 1091 543 1149 nequam
557 1118 566 1144 ‚
589 1075 617 1132 is
628 1078 687 1148 ‚qui
700 1085 728 1134 te
744 1078 884 1145 vocavit,
904 1077 940 1132 ab
955 1077 1033 1133 amai
1044 1078 1120 1149 facie

170 1155 225 1204 'sua
237 1148 458 1222 lacrymabitur.
474 1147 566 1205 Eccli.
577 1159 656 1208 xxxa
666 1151 706 1205 15.
721 1156 751 1206 te
763 1148 931 1207 liberaliter
941 1148 1119 1219 indulgente

169 1220 283 1288 genta,
304 1221 372 1291 ipse
389 1219 523 1277 ubertim
535 1218 639 1287 nebim
657 1220 821 1291 hebraice,
837 1235 856 1276 a
864 1221 1004 1292 faciesne
1015 1221 1096 1277 omui
1104 1237 1115 1276 .·

168 1291 302 1364 dolebit,
317 1300 351 1348 ut
364 1305 517 1362 quemquo
530 1291 751 1366 assidentium,
763 1299 798 1348 ut
810 1290 1117 1365 quodque'ierculnm

169 1364 343 1433 aspexerit,
364 1362 391 1418 si
410 1362 527 1419 avidius
539 1363 570 1418 id
585 1364 671 1435 carpi
684 1363 846 1422 videbitur.
867 1368 972 1435 ltaque
983 1379 1026 1420 ae
1039 1378 1118 1420 caan·

167 1435 303 1503 primarie
316 1433 346 1490 in
359 1432 487 1490 convivio
498 1473 509 1500 ,
525 1436 534 1502 i
545 1449 573 1489 v.
591 1451 633 1502 ¹7·
649 1435 714 1505 ine
727 1434 795 1493 cibo
807 1435 905 1493 nimio
918 1433 1115 1492 distenderis.

194 1507 328 1563 badio.
353 1509 424 1561 Ecce
439 1518 493 1575 ego
510 1505 628 1561 lactabo
644 1521 730 1573 eam,
753 1516 782 1563 et
796 1507 901 1563 ducam
919 1522 984 1563 eam
999 1508 1031 1563 iu
1047 1507 1118 1563 soli-

170 1577 297 1632 tudinem
306 1592 318 1644 ,’
336 1585 365 1631 et
378 1577 483 1649 icquar
497 1576 535 1631 ad
546 1592 597 1632 cor
612 1578 682 1646 ejus.
697 1580 746 1647 Os.
768 1587 795 1635 tt
810 1579 851 1642 ri.
867 1577 1045 1646 falluntur,
1064 1578 1118 1650 qni

168 1647 228 1706 huc
246 1650 283 1705 de
292 1648 376 1705 ⁴lacte
390 1645 441 1706 vel
452 1650 569 1703 manna
581 1648 710 1718 praebito
725 1647 908 1718 intelligunt.
935 1648 1028 1707 Verbi
1040 1651 1117 1706 iacto

169 1721 250 1790 apud
271 1720 394 1778 Latinos
413 1727 534 1777 veteres
556 1719 680 1790 gemina
698 1727 746 1776 est
766 1722 859 1779 nudo.
888 1719 990 1778 Prima
1013 1735 1118 1779 ama-

168 1798 251 1848 trum
264 1801 295 1849 et
310 1789 561 1849 nutricnmlacte
578 1806 586 1846 ε
603 1806 661 1849 suu
673 1791 752 1850 lactc
766 1790 858 1850 alere.
876 1793 977 1867 Altera
991 1806 1009 1849 a
1022 1792 1116 1863 lucina

121 1920 128 1933 ,
168 1864 257 1935 'cujus
276 1864 404 1934 vestigia
416 1864 449 1919 in
464 1863 548 1919 Sexti
559 1862 720 1935 Pompeii,
737 1871 771 1920 et
783 1864 872 1922 Nonii
890 1862 1026 1922 Marcelli
1038 1865 1117 1935 frag·

166 1934 282 1993 mentis
296 1943 483 2007 supersunt;
504 1935 696 2005 signincabat
712 1936 818 2005 idem,
839 1936 922 2008 quud
931 1936 1032 1993 nodie
1044 1949 1117 2006 qun

168 2019 229 2078 que
243 2006 416 2078 composita
429 2049 439 2075 ‚
454 2006 577 2075 allicio,
594 2006 698 2065 illicio.
720 2008 796 2075 inde
808 2008 912 2067 ortum
926 1995 1022 2074 iacto,
1036 2018 1119 2079 sape

165 2084 222 2135 'aut
245 2078 334 2138 valde
355 2079 478 2148 illici0;
508 2081 590 2137 unde
612 2088 684 2138 nata
708 2089 782 2138 sunt
801 2079 948 2147 oblecto,
975 2080 1118 2146 delectui

166 2150 330 2222 oblector,
353 2151 497 2210 delector.
525 2151 591 2209 tloc
614 2167 709 2209 sensu
733 2153 829 2210 verbu
885 2160 935 2209 est
955 2152 1118 2218 medium.

94 2265 97 2272 .
168 2225 250 2294 quod
261 2225 294 2280 in
308 2223 424 2282 malam
438 2230 556 2294 partem
569 2224 827 2295 acceptumsigui
850 2232 900 2280 cat
912 2223 1042 2290 fallere,
1062 2222 1118 2280 de-

167 2295 293 2365 cipere:
320 2295 354 2351 in
375 2297 514 2361 bonam,
540 2301 574 2350 ut
597 2295 658 2350 hoc
677 2295 770 2361 loca,
799 2295 912 2352 blande
937 2295 976 2350 ad
999 2295 1118 2352 bonum

165 2379 259 2429 snum
277 2373 308 2422 et
325 2366 488 2422 utilitatem
506 2365 662 2421 inducere.
690 2361 738 2420 nit
756 2369 933 2433 argolicus
954 2379 961 2420 ε
982 2366 1118 2422 suaviter

166 2447 236 2490 eam
261 2434 415 2500 alliciam,
444 2444 475 2490 ct
496 2437 533 2490 ab
552 2437 741 2491 amatoribus
761 2435 825 2492 suis
845 2438 856 2505 i
876 2434 935 2492 diis
950 2435 1113 2504 gentium)

90 2508 96 2517 “
165 2505 199 2562 in
219 2505 415 2563 solitudinem
435 2506 607 2572 abducam,
629 2506 673 2563 ibi
687 2512 758 2562 eam
780 2504 1005 2563 consolaturus.
1027 2504 1116 2563 tdcm

164 2578 214 2643 'est
236 2582 367 2643 sensus,
386 2576 531 2647 idemque
552 2577 682 2632 verbum
699 2575 905 2645 hebraicum,
929 2579 1018 2634 Pras.
1036 2587 1050 2632 1
1071 2594 1115 2635 ro.

166 2647 198 2703 Si
210 2656 239 2705 te
250 2648 423 2703 lactaverint
433 2656 619 2720 peccatores,
638 2662 674 2702 ae
686 2647 849 2720 acquiescas
861 2648 909 2704 eis.
920 2648 959 2715 ,Si
969 2645 1117 2719 pellicere

166 2724 218 2785 te,
239 2720 265 2776 si
276 2719 468 2789 :persuadere
487 2719 544 2776 tibi
561 2719 679 2776 malum
695 2719 798 2777 conati
815 2720 942 2778 inerint.
963 2721 1118 2780 Memora·

166 2790 238 2849 bilis
250 2798 298 2849 est
308 2790 396 2850 locus
415 2790 482 2851 sou.
498 2801 634 2860 xxx127.
653 2795 688 2847 Et
702 2791 833 2848 laetatum
850 2801 894 2849 est
907 2793 939 2849 iu
951 2793 1119 2867 abscondito

163 2879 220 2932 'aar
239 2878 358 2935 meum‚·
374 2863 432 2923 ¹ubi
447 2863 577 2933 verbum
598 2862 780 2931 hebraicum
796 2862 882 2921 idem
899 2872 977 2922 est:
999 2879 1039 2923 ex
1055 2877 1119 2938 qno

167 2937 277 3005 vides,
303 2934 502 2995 librariorum
521 2949 628 2993 errore
652 2935 802 3006 scriptum
819 2949 891 2993 esse
909 2936 1043 2994 letatum
1059 2948 1119 3009 pro

168 3007 754 3076 tactatumztestaturnimirumdnbus,
775 3006 1117 3066 seillectumnnnesse

164 3081 242 3138 ‘solis
258 3089 290 3139 et
306 3080 388 3139 lunae
407 3079 593 3150 splendore,
615 3087 651 3136 ut
666 3079 812 3137 bivinum
827 3079 874 3136 eis
890 3080 1044 3148 bonorem
1060 3078 1119 3136 tri-

168 3153 283 3210 bueret
304 3151 392 3221 Quod
410 3152 567 3222 aptissime
585 3151 787 3208 conilrmatur
803 3151 991 3221 exejusdem
1005 3150 1119 3224 capitis

146 3257 148 3261 -
167 3232 234 3351 §ep
254 3267 263 3293 ,
283 3225 336 3282 ubi
355 3240 394 3280 ex
411 3223 464 3280 illa
480 3225 546 3294 ipsa
566 3235 641 3278 voce
660 3222 806 3279 hebraica
823 3228 931 3285 noster
949 3222 1042 3282 vertit
1060 3237 1069 3280 a
1089 3221 1120 3278 Si

202 3305 369 3368 ceptumest
382 3311 433 3351 cor
449 3308 641 3364 mcccmsuper
651 3294 781 3349 muliere.
959 3306 962 3313 ·

90 3428 92 3433 Α
201 3370 316 3426 Lacus
338 3373 428 3426 Furto
440 3369 570 3422 sublatus
585 3380 651 3420 sum
661 3364 696 3420 de
708 3375 789 3422 terra
804 3366 1009 3437 llcproearuut,
1026 3372 1056 3424 ei
1070 3364 1120 3435 >ilc

170 3438 302 3495 innocens
321 3440 351 3494 in
370 3441 465 3495 lacum
483 3439 586 3493 missus
598 3451 681 3504 suum·
696 3439 706 3505 (
720 3434 741 3493 i.
764 3450 791 3494 c.
811 3436 1056 3504 incarcerant.)
1076 3435 1120 3493 ita

157 3509 282 3580 ⁴loseph
294 3512 367 3566 Gan.
389 3523 430 3567 xc
459 3510 499 3563 ιδ.
523 3511 567 3564 Ex
586 3521 687 3577 graeco
700 3508 818 3574 luccas,
839 3508 931 3567 lovea
948 3525 957 3566 t
977 3520 1038 3581 quo
1054 3518 1122 3564 nxx

171 3579 217 3631 usi
231 3580 371 3637 hocloco
385 3589 464 3637 suna
488 3586 529 3636 Tu
541 3594 654 3651 thqtte
669 3581 698 3634 iu
716 3580 861 3648 sanguiue
876 3579 1057 3641 <testamenti
1075 3580 1122 3635 tui

169 3648 286 3702 restitisti
297 3652 405 3706 uinctos
420 3662 483 3706 tuas
496 3653 530 3706 de
542 3653 627 3716 lacu,
641 3651 671 3705 iu
685 3664 742 3722 atto
754 3666 815 3706 aare
826 3661 869 3708 est
887 3667 965 3724 aquea
978 3670 989 3718 ,·
1001 3651 1021 3706 i.
1036 3664 1064 3705 e.
1080 3650 1119 3707 de

169 3710 238 3768 loco
247 3722 389 3777 carceris.
402 3723 493 3778 Zacb.
507 3734 542 3779 tx
555 3733 595 3777 ιι.
608 3720 975 3795 Per'sanguinemtnum,
988 3719 1118 3789 Massia,
