2475 4034
331 152 343 175 ι.
424 112 558 190 ants.
608 111 746 185 Gabar.
958 118 1052 192 „⁴183

94 232 200 306 piunt
209 226 362 302 paulatim
375 241 506 299 peccare
517 265 527 296 ,
540 234 572 284 et
582 236 707 299 peccata
722 238 852 300 angant,
870 240 1057 295 nt-crescaut

94 315 132 362 'et
145 303 334 361 roborentur
354 307 504 371 tanquam
524 299 685 358 vinculum
706 300 844 374 plaustri.
866 304 990 363 Validus
1007 309 1056 366 ni·

98 375 218 434 mirum
230 373 314 430 funis
327 372 400 443 jugi.

136 448 175 516 7)
195 445 365 501 Funicnlus
376 441 481 503 maris.
498 445 545 501 Vce
556 442 758 517 amoenitatis
771 445 935 515 funiculum
945 450 1056 518 moris,

189 517 388 589 perditorum,
401 523 460 572 etc.
482 514 573 585 soph.
589 525 616 571 ιι
629 516 645 566 5
656 530 702 587 sq.
722 517 820 588 quiin
832 531 886 574 ora
900 521 1055 579 maritima

97 534 264 718 ffiitatm
284 595 456 647 vastatores
473 585 579 658 prius,
597 601 683 646 nunc
695 587 756 659 ipsi
767 589 919 660 perdendi
934 599 965 648 et
982 606 1055 651 vas-

98 669 154 720 tan
176 661 197 716 i·
622 688 626 699 f
978 714 981 719 .

136 733 174 801 8)
202 730 370 789 anicnlus
382 729 479 799 virga.
499 729 681 800 zacb.·x17.
696 733 741 788 lie
757 732 874 789 duabus
884 733 978 803 virgis
986 749 1055 805 pas·

88 803 233 874 toritiis,
248 804 371 863 'necere
380 809 412 860 et
422 801 592 871 aniculo,
614 803 792 873 singillatim
805 805 923 862 dicetur
935 808 967 864 iu
979 810 1052 867 voc.

101 877 153 934 Vir
175 884 204 933 a.

134 892 175 1017 θεῖ
194 945 361 1006 Funiculus
374 952 549 1015 argenteus.
570 943 671 1004 llccle.
688 955 738 1005 xtt
752 947 781 1004 6.
804 948 937 1007 Medulla
957 951 1053 1023 spinae

87 1018 194 1077 dorsi.
205 1016 419 1076 ‘Disertissima
434 1016 486 1073 illa
498 1016 672 1074 senectutis
682 1018 851 1090 descriptio
863 1021 1024 1091 colligetur
1036 1040 1052 1081 a
1089 1066 1090 1075 ,

92 1104 150 1148 -me
162 1098 225 1147 tota
239 1091 311 1147 voc.
329 1091 510 1146 Tenebresco.
569 1124 575 1135 ·

133 1164 240 1219 Funis.
264 1166 354 1217 Funes
373 1161 538 1217 ceciderunt
560 1160 631 1217 mdti
652 1159 683 1216 itt
706 1163 864 1232 preclaris.
884 1165 938 1220 Pa.
960 1177 1004 1221 xv
1023 1165 1049 1220 6.

96 1233 186 1291 Felix
196 1233 273 1289 mihi
287 1246 355 1291 sors
364 1233 498 1290 obvenit.
515 1236 541 1288 Α
553 1233 726 1290 dividendis
739 1234 830 1292 bonis
842 1234 1052 1293 immobilibus

95 1306 315 1376 metaphoram
328 1306 412 1362 ducit
432 1320 440 1361 a
459 1304 512 1361 illa
524 1303 609 1361 enim
625 1305 792 1374 funiculis,
816 1314 851 1363 ut
863 1309 958 1365 modo
970 1308 1051 1375 dixi,

85 1390 156 1434 ⁴seu
168 1377 295 1433 funibus
310 1376 543 1453 partiebaninr3
556 1377 660 1433 statim
673 1391 748 1435 vero
760 1387 864 1447 aperte
877 1378 1050 1449 profitetur,

94 1447 174 1521 quid
186 1449 297 1505 sentiat
314 1463 323 1504 t
340 1448 444 1504 etenim
456 1448 609 1505 hereditas
619 1463 685 1503 mea
698 1452 842 1520 praeclara
859 1459 902 1506 est
917 1452 995 1507 milti.

134 1520 169 1587 2)
183 1520 287 1577 ¹Funis
299 1519 451 1592 diruptus.
466 1524 585 1579 Bar.‘vt
597 1520 643 1584 45.
661 1523 751 1592 Apud
764 1525 1052 1594 Romanosqnoqne

88 1604 175 1652 »zona
186 1590 337 1661 indicium
346 1600 414 1649 erat
426 1591 625 1662 virginitatis,
639 1606 772 1663 eamque
785 1594 905 1652 solvere
918 1609 1051 1664 sponsus

97 1669 152 1719 ant
164 1671 283 1719 amator
291 1661 417 1720 solebat.
429 1663 960 1735 Exprobratssaruchimpudicitiam
973 1665 1049 1733 illis,

96 1747 168 1805 qnae
180 1734 280 1791 cuivis
293 1735 384 1791 obvio
397 1750 431 1793 se
441 1736 604 1800 dederent,
615 1735 709 1805 idque
716 1736 819 1805 ipsum
830 1735 971 1792 beneficii
980 1735 1051 1793 loco
1127 1766 1132 1777 ›

96 1819 115 1862 a
132 1803 191 1861 diis
209 1806 272 1861 suis
285 1806 480 1874 flagitarent,
500 1807 713 1876 superstitiose
730 1806 866 1863 incensis
887 1813 1050 1877 propterea

95 1874 218 1935 ossibus
234 1876 397 1934 olivarum.

81 1964 87 1993 .·
132 1948 256 2005 Polion.
276 1949 376 2003 Adbuc
386 1949 576 2016 consiliabor,
588 1961 620 2005 at
632 1963 767 2004 enarrem
781 1964 792 2002 :
818 1957 850 2004 ot
861 1950 964 2019 surore
973 1950 1049 2005 enim

84 2019 222 2088 ‚repletos
241 2035 315 2075 sunt.
338 2019 432 2076 Eccli.
449 2030 551 2077 xxxlx
566 2023 606 2076 16.
628 2026 795 2090 graece,.nt
806 2017 960 2077 lunaticus
972 2021 1048 2091 ,uui

93 2097 257 2148 crescente
268 2098 321 2146 aut
332 2089 423 2159 plena
437 2091 510 2146 luna
522 2092 683 2157 continere
696 2105 730 2146 se
742 2091 857 2159 nequit.
879 2092 1048 2148 Meditabor

93 2173 209 2232 pomo,
225 2161 324 2230 inquit
338 2161 507 2229 Siraoldes,
521 2170 558 2218 ut
568 2163 707 2232 proferre
720 2160 805 2217 utilia
819 2163 934 2230 possim
951 2179 958 2220 ε
976 2178 1048 2219 nam

93 2229 181 2287 velut
193 2230 344 2300 entheos,
359 2247 415 2290 seu
424 2232 535 2292 Divino
548 2235 654 2292 allatu
668 2233 814 2290 incitatus
829 2272 838 2297 ,
855 2233 894 2288 ad
911 2234 971 2291 boc
992 2234 1048 2292 im·

81 2299 204 2374 pellor.

78 2610 236 2706 Gonni.
255 2645 401 2702 Israelitae
411 2646 758 2718 profundepeccooeroot
775 2686 787 2715 ,
805 2648 880 2705 sient
901 2649 931 2705 itt
949 2649 1047 2711 diebus

94 2717 204 2772 Gaboc.
224 2719 274 2774 0s.
290 2728 324 2773 tx
334 2737 360 2786 9·
375 2718 571 2776 Gabaitarum
585 2720 734 2788 flagitium
749 2728 778 2775 et
791 2719 874 2776 illata
888 2721 977 2776 uxori
989 2723 1047 2778 Le·

91 2785 165 2842 vitae
177 2787 289 2857 injuria
301 2796 467 2845 narrantur
479 2790 579 2847 indic.
591 2801 650 2847 xlx
661 2807 694 2843 nn
707 2806 773 2860 sqq.
791 2792 874 2846 Sicut
890 2799 995 2847 autem
1007 2792 1047 2848 ob

91 2856 290 2916 Gabaitarnm
304 2859 405 2916 scelus
423 2861 712 2931 tribusbenjamin,
733 2864 773 2917 ita
787 2862 827 2918 ob
841 2878 896 2918 sun
909 2861 1045 2918 crimina

91 2934 192 2985 totum
205 2931 327 2987 israelis
342 2945 472 3000 regnum
486 2932 525 2988 ad
540 2931 700 2989 interitum
713 2933 878 3002 redigetur.
894 2937 938 2987 iio
947 2927 1045 2989 tiiebos

94 3003 194 3056 Gobao
206 3002 333 3071 peccavit
345 3004 434 3058 israet
443 3043 455 3071 ,
468 3003 506 3059 ibi
521 3011 666 3060 steterunt
677 3020 754 3058 :non
766 3004 986 3075 comprehendet
997 3020 1044 3061 eos

89 3070 124 3126 itt
139 3072 239 3128 Gabnc
254 3074 386 3144 pretinm
402 3089 489 3146 super
506 3075 579 3146 filios
600 3074 769 3148 iniqnitatis.
798 3078 848 3132 Os.
870 3087 891 3132 x
911 3096 936 3145 9.
956 3078 1045 3133 Post-

92 3155 218 3213 quame
237 3145 347 3202 (labaae
365 3146 484 3205 civibus
497 3147 586 3204 uxori
604 3147 715 3204 Levitae
728 3148 855 3203 illusum
867 3156 931 3214 est,
946 3147 1044 3211 sacri-

91 3212 162 3283 lega
176 3216 309 3273 deornm
323 3215 430 3286 religio
442 3218 567 3291 irrepsit
572 3236 581 3284 ;
593 3218 636 3275 ibi
650 3220 794 3276 lsrailitae
805 3226 972 3285 steterunt,
988 3234 1044 3276 seu

90 3286 249 3343 ambulare
261 3301 317 3358 per
328 3287 493 3358 imperatas
506 3305 524 3346 a
538 3293 604 3347 Deo
624 3291 690 3348 vias
707 3291 873 3346 desierunt.
895 3292 960 3360 Non
974 3304 1045 3361 pro·

75 3364 207 3415 <sternet
225 3358 457 3430 eospraebum.
479 3360 570 3431 quale
588 3361 730 3420 Gabaitas
748 3370 907 3432 totamque
926 3361 1043 3419 tribum

87 3429 251 3501 Beniamin
267 3430 393 3499 afflixit,
407 3432 461 3502 qui
469 3431 527 3488 etsi
537 3433 665 3490 demum
681 3433 817 3503 periere,
832 3433 922 3490 initio
935 3440 1038 3488 tamen

81 3498 222 3559 'dotores
235 3538 245 3569 ,
260 3515 360 3575 nequa
407 3516 457 3563 am
472 3502 562 3560 inulti
575 3504 770 3569 occubucre3
789 3512 820 3561 at
838 3504 887 3559 his
906 3517 946 3559 ne
959 3503 1042 3557 istud

88 3573 214 3643 quidem
231 3571 318 3630 triste
337 3588 372 3631 so
385 3572 482 3630 atium
495 3574 706 3641 ooncedetur‚
726 3583 760 3630 nt
780 3574 880 3629 ullum
900 3572 1040 3653 hostibus
1110 3636 1119 3645 ,

86 3642 291 3705 memorabile
299 3644 449 3709 damnum
457 3644 608 3706 inierant:
620 3658 755 3716 cumque
766 3644 862 3702 tribus
874 3647 1039 3711 Benpamrn
