2475 4034
411 202 592 274 ,darana
642 205 818 278 Assumo·
1033 211 1079 310 57

129 313 231 380 David
247 311 430 389 predicata
446 319 533 376 vnto
550 335 662 393 aspera
685 324 735 380 Ps.
750 334 792 382 nc
808 325 834 381 3.
859 328 885 383 Δ
902 335 1002 387 morte
1022 344 1080 402 por

132 389 261 447 iusidias
280 389 428 446 intentata
443 430 452 457 ,
475 390 575 462 inquit
586 394 620 448 l).
638 394 854 468 Hieronymus,
868 396 928 455 siti
941 413 950 455 ι
965 410 1081 472 apeste

131 475 300 533 pravorum
313 461 502 527 nominum,
523 479 539 519 a
557 463 710 533 fallaciis,
732 481 772 523 ne
784 476 1005 527 contereretur.
1028 473 1080 531 di-

131 534 276 590 miruma
290 532 392 589 verbis
405 532 559 600 hostium,
574 551 681 606 aspera
695 545 726 593 et
735 538 863 597 exitiosa
875 540 1079 603 minantium

134 603 327 662 tle'hostibus
341 603 425 660 enim
438 612 501 661 tam
514 608 739 676 praecedentia,
760 626 853 682 quam
872 614 1031 684 sequentia
1046 614 1080 673 iu

132 676 193 749 hoc
209 675 333 733 Psalmo
345 674 521 746 loquuntur.
542 678 659 736 iudicis
674 689 775 738 autem
788 682 890 741 ltivlnl
909 684 1078 756 sententia,

133 747 350 815 demandati,
372 746 516 818 equidem
529 764 659 819 aspera,
677 752 806 810 sednon
820 753 912 826 huius
930 753 991 814 loci
1002 764 1059 816 est.

168 822 306 878 Asvtcto
326 822 520 890 congregato
534 830 602 877 sunt
621 833 748 892 superte
764 834 863 893 gentes
877 828 997 898 muita,
1016 843 1081 903 qna

134 892 234 950 mant
258 908 270 945 .·
292 891 475 962 lapidetur,
502 900 530 948 et
551 892 674 962 aspiciat
701 896 731 950 in
756 897 823 954 &on
843 901 943 956 ocolus
969 910 1077 959 noster.

132 963 224 1022 lllch.
247 974 282 1021 tv
302 982 343 1018 ιι.
363 961 498 1033 Aspiciat
518 963 626 1021 oculus
646 973 751 1023 noster
768 966 823 1036 id,
842 970 1001 1098 quodem
1016 973 1080 1044 pri·

133 1035 204 1093 dem
214 1035 375 1107 cupimus,
391 1034 493 1091 sionis
503 1034 672 1096 interitum.
692 1038 802 1097 Modus
814 1038 927 1112 loqnen
951 1039 1086 1101 'similis

132 1106 176 1164 illi
189 1123 198 1164 t
212 1112 294 1177 linge
303 1148 312 1175 ,
322 1123 411 1180 enge,
421 1106 638 1164 viderantocaii
646 1111 750 1168 nostri.
765 1114 814 1168 Ps.
828 1122 929 1171 xxxiv
939 1130 982 1170 aa.
998 1117 1080 1173 Tan·

134 1180 205 1237 dem
223 1178 379 1247 vidimus,
397 1178 604 1249 quassantia
623 1180 857 1252 desideramus,
876 1184 1013 1256 pernicie
1024 1199 1085 1259 ope,

132 1265 276 1323 pressum
294 1250 451 1309 Davidem.

167 1325 303 1382 lisano.
321 1326 415 1379 Donec
423 1320 532 1392 aspiret
545 1322 623 1392 dies,
636 1333 664 1381 et
673 1325 847 1384 inclinentur
856 1328 974 1387 amira·
990 1328 1076 1387 cant.

133 1404 160 1451 ιι
184 1412 238 1464 17,
259 1401 290 1452 et
304 1406 340 1453 tv
357 1395 384 1453 d.
408 1395 514 1452 Donec
532 1410 548 1452 a
571 1397 776 1471 propinquet,
803 1400 902 1459 donec
918 1414 977 1459 uos
998 1401 1080 1459 afflet

134 1465 223 1534 dies,
241 1480 314 1526 cum
327 1467 369 1552 ad
389 1474 494 1552 ortum
513 1411 585 1525 tofis
605 1478 690 1539 grata
717 1484 774 1529 nos
794 1486 868 1530 aura
894 1472 1076 1545 refrigerat,

131 1546 162 1596 et
173 1538 293 1596 umbrae
304 1538 477 1610 diffugiunt.
522 1549 526 1558 ·
1082 1585 1085 1594 .

135 1609 337 1670 *stastatuta
357 1613 402 1667 lle
419 1612 494 1667 lies.
520 1614 644 1670 locatae
663 1629 728 1671 sum
743 1631 830 1686 snper
850 1617 1025 1686 mandatas,
1049 1624 1079 1672 et

130 1697 185 1755 ego
202 1683 340 1740 visionem
357 1682 566 1753 multiplicavi,
590 1694 619 1739 et
634 1686 665 1740 in
679 1701 771 1744 naono
786 1687 993 1757 prophetaram
1004 1687 1080 1744 assi·

129 1755 248 1811 namtas
263 1770 336 1812 sum.
362 1755 411 1812 οι.
428 1765 479 1822 itta
498 1773 538 1812 ιο.
558 1755 629 1813 Misi
643 1758 826 1828 prophetas,
848 1758 901 1829 qui
917 1771 1078 1816 sermones

129 1840 240 1895 meos,
260 1835 292 1884 et
309 1826 373 1885 visa
385 1827 482 1884 multa
503 1826 557 1884 tini
574 1830 791 1886 annuntiarent
809 1844 817 1885 a
840 1828 953 1886 horum
969 1828 1078 1887 minis-

128 1897 209 1956 terio
221 1897 427 1958 diversas'tibl
440 1899 656 1959 similitudines
671 1915 707 1957 ac
719 1899 880 1971 parabolas
893 1899 931 1958 (le
942 1914 994 1960 me
1005 1914 1077 1973 pro·

128 1971 243 2047 posui,
270 1984 344 2031 eum
367 1971 407 2028 de
430 1985 482 2030 me
504 1971 703 2044 loquerentur
731 1972 787 2030 sula
814 1972 949 2042 imagine
970 1972 1077 2044 regis,

127 2042 286 2116 pastoris,
302 2042 413 2111 amici,
434 2044 552 2114 patris,
571 2044 689 2110 leonis,
709 2044 774 2110 ursi
787 2085 807 2111 „
818 2045 915 2115 pardi.
936 2047 1010 2106 llaee
1025 2058 1078 2102 ex·

126 2111 393 2186 plicatin'utrique
407 2115 532 2173 lectioni
545 2115 711 2184 satisfacit,
730 2115 880 2188 passivae,
899 2116 1078 2173 assiaaiiatns

126 2201 215 2255 som,
236 2201 329 2258 mam
348 2200 405 2245 nos
423 2196 571 2255 tuemur;
589 2195 620 2245 et
634 2186 762 2255 aefivoe,
785 2187 962 2256 assimilavi,
982 2200 1079 2259 quam

126 2255 219 2316 mariti
233 2258 407 2317 exhebraeo
419 2259 549 2317 malunt.
1050 2289 1053 2294 ·
1093 2277 1097 2288 ¹

162 2333 200 2401 2)
219 2332 264 2387 lle
274 2330 357 2402 ‚cyro
366 2346 448 2402 rege.
459 2336 523 2402 Ego
534 2331 693 2399 Drmiam,
710 2332 761 2405 qai
772 2346 842 2390 voco
852 2345 958 2390 nomen
973 2338 1077 2402 taam,

13 2395 16 2403 ’
126 2405 219 2460 Deum
229 2403 345 2459 lsroii:
361 2413 480 2476 propter
490 2420 605 2462 servum
615 2421 712 2461 meam
727 2405 837 2474 lacot,
856 2414 886 2462 et
902 2407 993 2461 broit
1007 2404 1078 2463 eiec-

126 2483 191 2531 tam
207 2479 306 2533 meam
324 2491 336 2529 .·
353 2484 382 2531 et
399 2477 500 2535 vocavi
515 2486 544 2534 te
558 2477 675 2533 nomine
692 2485 768 2534 tao:
787 2477 946 2535 assimilavi
968 2485 1024 2547 te,
1048 2486 1078 2534 et

124 2561 185 2604 non
197 2546 357 2617 cognovisti
366 2563 420 2604 me.
436 2551 476 2605 ls.
491 2560 555 2608 xcv
571 2550 597 2602 5.
619 2564 665 2620 sq.
683 2549 743 2607 Pro
759 2558 866 2609 nostm
879 2550 1038 2608 assinsiiavi
1050 2559 1079 2607 te

122 2618 399 2693 hebraice-clarius
415 2619 549 2690 dicitur,
569 2622 770 2691 cognominavi
782 2632 818 2678 te.
838 2625 953 2681 Amore
968 2622 1076 2696 populi

122 2689 188 2772 ntel
204 2689 313 2761 electi,
336 2690 391 2749 tilti
404 2705 425 2749 o
440 2693 517 2778 cyre
534 2708 597 2749 non
609 2694 703 2752 modo
721 2708 836 2752 nomen
857 2695 978 2753 clarum
992 2695 1087 2753 inter

122 2773 214 2833 reges
232 2769 325 2823 terrae
345 2763 497 2834 impertit,
521 2765 677 2822 sedetiam
686 2765 791 2824 multis
803 2766 836 2823 in
849 2766 1075 2825 rebusGhristo

124 2836 243 2900 (uncto
260 2850 277 2893 a
295 2848 348 2892 me
367 2836 465 2906 Regi,
492 2835 636 2904 Messian)
657 2836 791 2895 similem
814 2846 845 2895 te
867 2852 936 2896 esse
962 2836 1073 2905 volui,
1092 2847 1094 2850 ’

123 2903 253 2978 ejusque
269 2905 346 2964 adeo
358 2919 494 2976 nomon,
513 2907 637 2965 tametsi
654 2924 670 2966 a
684 2910 859 2980 cognitione
872 2910 936 2968 mei
952 2910 1072 2966 alienus

125 2987 181 3046 es,
203 2978 259 3036 tihi
276 2978 419 3048 imposui.
441 2982 568 3038 Factum
580 2979 640 3037 hoc
657 2979 695 3038 iis
709 2982 833 3039 verbis:
854 2986 917 3038 llaec
929 2981 998 3036 dicit
1014 2985 1090 3035 lio-1

121 3050 219 3107 nunus
233 3050 347 3110 Christo
361 3065 426 3107 nteo
440 3053 449 3121 l
463 3050 607 3109 hebraice
622 3054 699 3120 suo)
722 3057 806 3125 Cyro.
824 3051 897 3108 ibid.
907 3066 941 3108 a.
958 3062 980 3105 t.

152 3124 302 3181 Assumo.
326 3122 426 3180 Gloria
441 3139 552 3195 magno
568 3131 611 3178 est
623 3124 704 3195 sequi
709 3124 869 3180 Dominam
887 3139 898 3176 .·
918 3119 1071 3190 iongitudo

121 3194 199 3250 enim
219 3194 332 3251 dieram
352 3204 519 3250 assumetur
537 3196 574 3252 aa
595 3209 637 3250 eo.
658 3195 750 3252 ticeli.
767 3193 907 3251 xx11158.
933 3191 1070 3258 Timenti

119 3265 291 3395 ligaminum
308 3266 370 3326 vita
389 3280 525 3338 praesena
549 3266 716 3335 diuturna,
738 3266 843 3324 futura
864 3275 938 3322 vero
958 3268 1073 3322 aeterna

119 3348 141 3396 ο
162 3337 207 3395 tin
230 3346 272 3396 et.
1097 3393 1100 3399 .

156 3410 192 3478 2)
206 3353 374 3470 {neumare
385 3411 563 3472 terminum.
585 3411 722 3482 Epirotas
740 3410 770 3465 in
785 3406 961 3464 desolatione
974 3404 1031 3462 erit
1042 3404 1074 3461 in

118 3475 166 3537 ate
182 3482 371 3555 correptionis
392 3484 460 3540 :in
479 3485 609 3541 tritonus
630 3482 722 3538 lsraii
742 3481 854 3538 ostendi
874 3478 968 3550 iidem.
994 3479 1076 3538 Facti

118 3564 191 3614 sunt
250 3555 354 3625 incipet
375 3556 451 3612 lucia
474 3557 559 3630 qsmsi
579 3563 757 3611 assumentes
780 3551 936 3610 terminum
957 3567 969 3604 .·
990 3564 1076 3623 super

118 3640 195 3683 cose
217 3628 325 3683 undam
336 3628 420 3700 qnasi
431 3644 541 3700 aqsrans
556 3628 636 3684 iram
645 3641 749 3682 mans.
767 3628 818 3682 0s.
835 3636 886 3692 νς)
899 3637 946 3706 sq.
965 3622 1076 3707 Punito

117 3696 266 3768 Ephraim
279 3709 302 3765 ,¹
316 3712 375 3755 seu
391 3713 498 3769 regno·
510 3697 635 3756 israelis
652 3736 661 3763 ,
691 3704 723 3752 ct
746 3694 916 3766 captivitati
935 3693 1074 3756 tradito,

118 3768 243 3828 ostendi
253 3782 306 3828 me
313 3783 478 3840 veracem,
496 3770 632 3829 attidem
643 3766 770 3840 impleri
782 3777 1005 3888 eorum5‚*quae
1015 3772 1075 3833 W
