2475 4034
189 74 238 173 98
431 80 643 147 Coectnnus.
693 83 900 149 (comario.

183 252 186 259 Δ
221 195 415 251 concinnos.
438 194 499 250 Viri
514 194 662 251 acernias
683 195 1016 263 (Nabuchodonosoris
1028 201 1145 260 tribuni

187 274 219 325 et
229 266 364 336 praelecti
381 265 549 333 militares)
572 267 603 321 in
620 268 766 323 coccineis.
789 268 863 324 Naba
878 276 921 325 n·
937 271 963 325 ὅ.
989 273 1070 342 sagis
1087 280 1145 332 'aut

188 336 412 410 paludamentis
425 336 579 406 coccineis
594 339 704 401 ornati.

223 412 403 467 coccinum.
426 410 457 466 Si
471 406 582 479 suerint
592 420 713 481 peccota
724 420 822 468 aesna
837 421 868 466 ut
880 413 1031 468 coccinum
1050 416 1142 484 (sive,

188 489 223 539 at
241 481 273 537 in
293 480 439 538 hebraico
462 480 685 549 significantius
706 483 845 549 dicitur,
873 490 908 538 nt
925 484 1078 555 dibapha,
1094 488 1143 546 bis

188 552 299 619 uncta)
319 553 402 623 quasi
422 553 474 607 ato
491 549 710 610 dealbabuntur.
732 558 770 610 lo.
793 554 867 610 1182
890 554 1018 612 Dixerat
1036 572 1065 614 v.
1092 562 1143 628 15,

187 638 299 682 manus
318 638 428 681 eorum
448 625 597 693 sanguine
616 626 723 694 plenas
741 640 820 683 csse.
844 627 1069 686 Poenitentibus
1095 639 1144 688 ta-

187 710 282 762 men,
303 710 359 766 per
378 695 570 765 splendidam
591 696 791 766 allegoriam,
813 697 937 756 veniam
949 700 1145 774 gratiamque

187 767 302 832 offert,
329 766 447 824 sublata
470 769 572 825 omnis
594 770 713 839 peccati
735 769 925 839 turpitudine
946 770 1027 828 nivis
1045 772 1145 833 instar
1232 840 1233 847 χ

186 846 466 969 cognomen&
480 910 649 982 impiorum
661 914 812 969 secundas
827 927 1015 970 enumerans
1028 915 1143 986 Jobus,

186 980 249 1041 boo
267 982 362 1038 etiam
381 982 465 1040 addit
484 999 492 1039 :
518 985 616 1043 natm
634 985 691 1055 fait
712 986 821 1053 glareis
843 986 944 1057 cocyti
955 1024 966 1052 ‚
985 996 1094 1058 etpost
1114 1006 1144 1046 se

187 1068 302 1115 omnent
321 1055 467 1111 ltontinern
485 1059 603 1122 tranet,
626 1066 655 1112 et
677 1065 747 1112 onte
767 1071 798 1112 se
818 1057 1050 1115 mammantes.
1073 1062 1139 1117 lob.
1231 1084 1234 1119 a

187 1137 245 1189 xxi
259 1122 303 1181 ts.
324 1129 454 1198 cocytus
467 1140 524 1197 pro
535 1127 647 1197 quovis
661 1129 754 1185 fluvio
767 1137 819 1186 am
828 1136 965 1185 torrente·
976 1130 1142 1191 thebraica

187 1197 294 1266 euim,
309 1196 487 1267 chaldaica,
502 1208 585 1265 cxx,
598 1213 755 1256 consensu
767 1207 940 1257 torrentem
949 1199 1073 1258 babent.
1087 1206 1143 1261 or·
1232 1206 1233 1209 ’

187 1270 327 1326 nomenti
335 1271 430 1336 gratia
439 1278 545 1327 noster
553 1272 701 1342 Cocytum
713 1273 831 1341 posuit,
844 1271 989 1328 lethalem
1000 1274 1143 1337 durium:

189 1341 338 1410 quoniam
363 1341 401 1398 de
425 1349 527 1399 morte
545 1357 649 1400 sermo
673 1352 729 1398 est.
757 1346 856 1400 Etiam
881 1344 1014 1412 iubae,
1044 1347 1145 1418 inquit

188 1411 302 1478 tonus,
327 1410 471 1471 solatium
490 1412 604 1483 reperit
624 1414 756 1484 impius,
778 1416 892 1485 quippe
913 1425 1043 1484 gnarus,
1064 1434 1098 1475 se
1110 1419 1145 1477 in

188 1483 263 1552 ripae
276 1483 387 1543 vicinae
403 1499 496 1541 arena
510 1485 717 1553 humandum,
731 1500 793 1542 uon
809 1487 877 1544 sine
886 1500 998 1557 pompa
1012 1498 1043 1546 et
1056 1504 1144 1560 spec·

153 1618 155 1622 f
187 1553 292 1613 taculo
305 1554 420 1611 elatum
432 1555 490 1622 irl3
505 1569 629 1625 memor
638 1565 806 1626 praeterea,
820 1574 930 1615 omnes
943 1566 1012 1616 ante
1024 1577 1061 1617 ac
1074 1571 1145 1632 post

189 1633 372 1684 semortuos
383 1634 414 1683 et
421 1628 600 1685 morituros.
616 1627 739 1687 Pontice
749 1643 827 1686 vero
837 1631 958 1687 ‘dictum
971 1638 1033 1699 est,
1046 1634 1143 1690 boicis

188 1697 249 1768 fuit
259 1697 368 1768 glareis
379 1715 390 1765 ,⁴
402 1711 477 1769 pro,
492 1701 593 1757 nanos
605 1700 648 1754 iili
658 1701 878 1771 foeregloreae;
889 1717 917 1774 q.
934 1703 963 1758 d.
979 1704 1145 1775 sepulcrali

189 1770 285 1828 etiam
301 1784 403 1827 arenae
416 1785 479 1826 suae
498 1771 652 1840 iucundus
669 1772 814 1830 occurrit

186 1872 190 1879 ·
223 1843 364 1900 duston.
384 1842 429 1901 ab
443 1842 529 1907 Elin,
542 1843 845 1913 iobicriminatore,
864 1846 984 1915 poetica
996 1848 1145 1910 dicuntur

189 1913 262 1971 coeli
280 1913 444 1973 solidissimi
455 1914 541 1986 qnasi
556 1916 694 1989 erasmi.
717 1917 788 1973 tob·
805 1928 921 1974 xxxvii
937 1921 977 1971 18.
999 1920 1145 1980 hebraice

190 1993 223 2045 ot
239 1985 398 2044 chaldaice
414 1993 462 2053 est
478 1999 557 2057 opus
575 1986 689 2054 fusile,
709 1995 827 2045 aereum
844 1990 1026 2059 speculum;
1052 1993 1145 2050 nimi-

186 2070 261 2117 rum
274 2057 313 2114 ob
333 2058 487 2127 liguram,
511 2072 579 2128 quae
591 2058 681 2116 nobis
700 2068 826 2130 apparet
842 2074 979 2118 concava
995 2079 1003 2119 a
1023 2064 1062 2120 ob
1075 2079 1146 2135 spe-

189 2127 272 2186 ciem
286 2130 390 2186 sereni
401 2129 473 2189 omli
486 2143 597 2199 puram
608 2139 641 2188 et
652 2131 789 2189 lucidam
803 2146 812 2189 t
825 2133 864 2190 ob
877 2133 1076 2193 stabilitatem
1089 2152 1145 2207 per

190 2207 237 2257 tot
253 2202 358 2260 secula
377 2202 607 2261 inconcussam.

229 2272 435 2332 (itmnoatttn.
459 2274 534 2331 Misit
548 2275 578 2329 in
591 2290 639 2330 eos
661 2274 851 2347 (AEgyptios)
872 2279 1071 2352 cenomyiorn.
1093 2283 1143 2337 Ps.

193 2356 305 2403 cxxvii
318 2347 362 2410 ἠδ.
377 2345 473 2411 Dicit,
490 2354 518 2401 et
530 2347 607 2405 venit
618 2350 787 2417 coenomyia.
799 2350 848 2403 Ps.
865 2358 922 2404 clv
935 2351 979 2404 51.
993 2353 1148 2417 [egerunt
1232 2366 1233 2371 ’

191 2416 355 2485 nonnulli,
374 2417 468 2475 eiiam
480 2418 608 2474 maximi
619 2419 754 2477 nominis
769 2426 925 2485 auctores,
942 2423 1144 2492 cynomyiam,

193 2500 249 2543 seu
272 2500 414 2545 muscam
438 2486 613 2547 caninam:
640 2502 772 2558 quorum
796 2496 898 2544 tamen
920 2505 1059 2546 errorem
1082 2492 1145 2559 iam
1232 2526 1233 2531 κ

191 2555 269 2615 olim
289 2560 448 2628 redarguit
468 2574 601 2630 magnus
623 2563 848 2630 Hieronymus,
868 2568 960 2630 atque
982 2561 1049 2630 ipse
1073 2563 1145 2619 lons
1232 2572 1233 2619 ὲ

192 2627 356 2688 hebraicus
367 2630 536 2698 convincit,
545 2633 599 2704 qui
608 2632 821 2688 noncanioam
830 2644 972 2688 muscam
985 2648 1040 2688 sou
1051 2647 1145 2703 cyno
1232 2636 1233 2677 ἲ

192 2699 330 2772 mytam,
349 2703 403 2758 sed
413 2717 505 2759 omne
518 2717 805 2773 genusmuscarum
820 2701 931 2772 habet,
950 2705 1032 2775 quod
1044 2719 1145 2772 graeca

194 2770 345 2842 elegantia
358 2783 389 2831 et
401 2774 613 2833 felicitateuna
625 2788 684 2832 vox
696 2775 856 2846 cononsyio
867 2774 1020 2845 exprimit
1045 2779 1145 2847 Atque

193 2844 235 2901 ita
251 2848 373 2917 Moyses
386 2847 453 2918 ipse
466 2862 550 2904 omne
561 2862 854 2913 gencsntascoront,
868 2855 899 2903 et
910 2848 1014 2904 dionei
1029 2850 1147 2919 generis

193 2930 317 2974 muscas
334 2917 467 2988 appellat
483 2922 610 2977 Ex.vt11
624 2938 668 2976 «ιι.
846 2958 848 2961 -
1232 2964 1234 2986 ,

193 3042 198 3052 .
229 2989 430 3049 contrario.
454 2992 566 3046 Contra
586 2992 727 3063 Assyrios
742 3034 750 3058 ‚
768 2999 803 3046 ut
822 2991 890 3062 ipse
908 2991 1013 3048 titulus
1030 2991 1147 3049 Psalmi

110 3080 116 3091 ·
194 3059 347 3129 declarat,
365 3063 406 3120 ita
420 3070 503 3120 vates
519 3063 557 3117 ad
568 3065 668 3120 Deum
682 3064 818 3134 loquitur
838 3078 845 3119 ε
864 3065 1011 3132 Cogitatio
1023 3065 1148 3120 nominis

194 3135 377 3204 confitebitor
388 3135 439 3190 tibi
452 3151 463 3188 .·
476 3143 504 3189 et
513 3133 641 3205 reliquiae
656 3136 843 3204 cogitationis
854 3135 928 3190 diem
937 3137 1043 3206 festam
1052 3138 1147 3206 'agent

193 3205 254 3267 titt.
276 3208 325 3263 Ps.
345 3210 487 3263 cxxvii.
519 3205 551 3261 Si
572 3206 736 3274 hebraica,
766 3222 884 3274 graeca,
909 3215 940 3263 et
961 3217 1087 3274 nostra,
1109 3209 1148 3265 ad

194 3292 289 3335 tinam
303 3291 458 3334 summam
473 3277 661 3344 referamus,
678 3278 745 3335 ltaec
759 3280 860 3347 prodit
875 3281 1026 3337 sententia
1047 3297 1056 3336 t
1075 3283 1146 3350 ipsa

196 3349 557 3418 cogitatioirataltominis
579 3349 696 3420 Assyrii
715 3348 898 3418 confitebitur
920 3350 989 3417 tibi,
1011 3351 1148 3408 laudabit
1232 3378 1233 3385 κ

191 3425 246 3485 t'e,
266 3435 321 3477 seu
334 3422 422 3477 cedet
440 3421 472 3476 in
484 3421 609 3478 laudem
625 3428 729 3487 tuam,
753 3421 805 3489 qui
829 3429 891 3476 tam
910 3420 1000 3480 facile
1019 3436 1147 3480 omnem

193 3489 262 3558 ejus
278 3491 356 3548 iram
369 3500 399 3548 et
411 3492 474 3551 vim
488 3508 548 3548 una
562 3500 652 3548 nocte
663 3492 854 3560 oppresseris
876 3507 883 3547 :
898 3501 945 3558 et,
960 3494 987 3549 si
1000 3493 1146 3551 hostilem

198 3561 335 3617 animum
346 3577 381 3618 ao
391 3562 469 3618 nam
480 3563 840 3632 resumpserintdssyrii,
854 3563 948 3619 etiam
959 3565 1007 3619 ba
1018 3565 1147 3634 retineto

196 3630 307 3695 prioris
320 3632 506 3700 cogitationis
515 3644 545 3691 te
556 3648 681 3692 rursum
694 3641 800 3690 eontra
813 3632 895 3692 harto
906 3643 1030 3703 gentem
1042 3649 1145 3692 arma-
1232 3646 1233 3659 ¹
