2475 4034
340 51 354 80 ἱ

312 167 596 241 consummor.
646 163 872 258 Coucnnpoa.
1001 168 1068 241 105

106 287 220 364 dnicae
236 285 331 358 Quasi
346 286 459 345 sociusv
470 299 509 344 ac
525 284 622 343 irater
642 283 776 354 luisset,
798 283 840 343 ita
855 297 933 345 eum
949 299 988 349 eo
1003 302 1070 350 ver·

106 359 208 430 sabec
232 362 276 418 ita
298 357 574 416 mansuetissimus
593 355 693 414 bavid
711 357 750 413 de
770 370 828 414 suo
850 357 950 420 hoste.

142 434 414 491 couemctnron.
445 432 507 487 Pro
534 428 694 502 placatior.
725 431 774 486 l‘s.
808 440 908 488 lxxvi
935 432 962 488 tl.
991 433 1071 492 uun·

106 509 245 579 mmmm
258 507 341 562 Deus
359 502 481 574 placari
495 516 528 559 se
545 501 652 557 sinet?
937 529 942 538 ,
992 509 994 516 ¹

143 577 385 644 nostrumnon.
407 574 593 631 circumdate
604 573 694 640 Sion,
713 581 743 629 et
755 575 977 646 corupiectimiui
987 592 1071 635 eom:

107 656 235 705 aunute
256 650 287 705 iu
309 647 441 706 turribus
462 647 534 718 ejus.
556 645 659 722 Ponite
679 645 771 701 cordo
792 656 890 704 uestro
913 647 944 705 iu
966 650 1071 709 uirtute

107 723 196 793 qius:
214 720 420 780 uuurtouue
441 718 540 775 dorum
559 718 647 789 ejus,
669 726 702 773 ut
722 719 864 778 murrett‘s
887 720 918 777 iu
935 724 1071 797 progerue
1112 775 1120 790 ,

108 794 215 851 uteo.
239 795 288 850 Po.
312 801 404 851 xbvll
427 792 472 848 ιδ.
490 783 730 857 perambulate,
758 788 923 851 circumite
946 795 1072 856 Sionem

108 873 208 923 totam
227 880 236 921 a
255 875 357 923 turres
376 864 443 934 eius
463 870 645 934 enumerate
659 873 673 920 t
696 862 955 936 animadvertite,
980 883 1071 941 quam

110 940 151 994 sit
160 937 281 996 munita
295 952 304 995 a
318 935 499 1006 singillatim
512 933 624 991 domos
637 934 705 1006 elus
716 946 920 1021 porcensete:
935 942 1071 1014 tantique

109 1005 287 1082 splendoris
307 1023 344 1067 ac
362 1008 483 1067 roboris
497 1007 614 1086 famam
633 1006 741 1065 libens
756 1008 983 1084 nepotibusque
1004 1028 1071 1073 ves·

10 1085 22 1108 ·“
108 1081 363 1154 trisreliuquite.

143 1154 315 1230 consuo.
335 1158 417 1210 Tuos
430 1161 514 1209 terra
522 1150 676 1207 >immunda
688 1160 744 1219 ‚cet
755 1163 814 1212 nou
823 1155 975 1226 corupluto
988 1156 1018 1212 ia
1029 1158 1072 1222 uu

108 1228 234 1297 surore.
257 1228 390 1286 Eunu
413 1227 457 1290 aa.
479 1238 543 1283 non
554 1223 683 1294 irrigata
695 1224 796 1282 imbre
807 1224 928 1294 Divinae
945 1229 1071 1298 qratia,

109 1312 175 1358 non
186 1298 336 1355 munima
352 1296 473 1356 coelesti
486 1310 557 1355 rore
571 1323 581 1364 .
601 1296 659 1354 sed
671 1297 814 1363 sordibus
826 1298 889 1356 tuis
903 1301 1071 1360 cumulata.

145 1370 411 1430 contremesco.
428 1369 651 1440 comprehendet
662 1378 768 1425 orator
780 1384 999 1440 messorem‚‹et
1010 1375 1070 1431 cul·

109 1452 197 1500 rotor
214 1455 275 1499 uae
288 1444 569 1500 ntitteutemsemeu.
587 1443 731 1502 rimosus
747 1443 788 1498 ιδ.
804 1446 902 1501 Tanta
917 1446 1071 1505 erituber·

109 1525 179 1583 tas,
200 1523 236 1572 ut
250 1514 356 1585 fruges
369 1527 480 1574 omnes
501 1514 616 1571 demeti
643 1523 715 1571 ante
734 1528 797 1571 non
837 1517 958 1587 essunt,
980 1534 1072 1592 quam

110 1597 234 1658 tempus
253 1586 362 1645 arandi
381 1586 567 1658 serendique
581 1586 725 1653 redierit3
744 1596 775 1644 et
793 1530 847 1644 ussi
862 1590 999 1661 primum
1012 1592 1073 1650 illis

109 1661 144 1717 in
160 1659 274 1717 horrea
288 1674 322 1717 re
344 1659 432 1716 ositis
445 1658 599 1730 coeperint
616 1655 720 1723 denuo
733 1674 855 1729 serere,
875 1661 937 1732 jam
951 1669 1073 1734 tempus

109 1732 276 1789 vindemiae
300 1675 389 1788 assit.
414 1730 675 1815 Allegorice‚4de
699 1745 823 1788 summa
849 1732 1022 1801 gratiarum
1046 1744 1074 1792 et

112 1804 271 1861 fructuum
290 1803 479 1862 abundantia
491 1817 550 1874 per
560 1802 724 1859 Christum
737 1802 769 1858 in
782 1802 925 1861 eeclesia.

146 1876 340 1944 concutite.
365 1874 460 1933 Eccli.
476 1884 556 1934 xxxi
572 1893 613 1943 ¹7·
629 1874 697 1929 Vid.
712 1874 744 1928 in
758 1876 831 1932 Voc.
849 1878 1018 1948 iuuymor.

146 1948 379 2006 Conpulteria.
402 1948 448 2019 De
466 1945 704 2004 contumacibus
726 1952 757 2002 et
778 1945 940 2012 obstinatis
959 1950 1073 2009 dudaels

112 2019 155 2076 ait
163 2019 278 2077 Paulus
298 2035 306 2076 ε
325 2020 410 2076 Dedit
422 2019 478 2075 illis
490 2023 566 2074 Deus
580 2018 718 2090 spiritum
730 2020 966 2088 compunctionis.
983 2025 1073 2081 Rom.

111 2103 146 2150 xi
158 2093 195 2149 8.-
206 2090 276 2148 Noli
293 2090 346 2149 hic
364 2089 719 2163 spiritumpoenitenriae
744 2090 898 2161 suspicari
913 2111 923 2159 t
947 2093 1074 2165 spiritus

110 2171 159 2221 est
171 2163 301 2221 omnino
313 2165 506 2232 contrarius,
519 2161 744 2236 pervicaciaeet
756 2162 955 2247 pertinaciae:
974 2167 1073 2236 pergit

111 2236 197 2294 enim
212 2235 390 2306 apostolus,
409 2250 449 2293 ex
467 2239 506 2293 ls.
521 2245 557 2293 vi
573 2253 624 2302 10,
647 2234 734 2291 datos
756 2233 795 2290 1is
815 2247 886 2293 esse
899 2237 1018 2309 oeulos,
1044 2248 1075 2294 ru

109 2308 316 2377 aeneideout,
330 2316 359 2364 et
372 2323 475 2377 aures,
492 2316 524 2364 ut
536 2322 594 2363 uon
606 2306 739 2363 audium.
755 2307 910 2365 lixcaecari
924 2307 1075 2367 nimirum

111 2381 143 2440 e't
159 2380 390 2440 obsurdescere
405 2383 492 2440 Deus-
500 2379 633 2438 rebelles
645 2377 850 2452 permiserat,
864 2378 989 2438 invidie
1002 2396 1075 2438 acu·

110 2452 188 2521 leis,
208 2460 241 2510 et
258 2452 461 2512 conscientie
481 2451 641 2526 perpetuis
663 2449 798 2510 stimulis
823 2451 1023 2524 configendus
1044 2462 1075 2512 et

110 2524 380 2597 compungendus.
628 2567 630 2572 ,
1060 2559 1065 2566 ·

146 2599 341 2656 conpuncti.
354 2601 495 2657 lltcuutet
507 2597 559 2655 tibi
564 2597 663 2671 glorio
672 2611 754 2664 meo,
764 2603 793 2654 et
802 2610 863 2654 nou
873 2611 1075 2672 compungam

110 2668 272 2740 hebraice,
289 2679 320 2726 et
337 2683 395 2727 nou
417 2670 542 2739 tacebit,
559 2685 616 2728 seu
634 2679 738 2727 taceat.
760 2673 809 2728 Ps.
825 2681 905 2728 xxix
920 2670 961 2727 ιδ.
990 2675 1073 2731 lium

110 2740 288 2812 tugloriam
307 2756 411 2799 meam
424 2757 537 2812 auges,
557 2757 671 2813 meque
693 2743 802 2800 arcani
821 2742 938 2802 doloris
958 2743 1076 2802 aculeis

111 2814 209 2885 pungi
227 2826 294 2870 non
301 2814 407 2942 lsinis,
425 2829 484 2886 ego
501 2829 564 2873 non
583 2813 681 2872 silebo
700 2813 861 2885 ingratus,
879 2814 936 2873 sed
947 2814 1074 2876 laudem

110 2894 198 2943 tuam
211 2892 300 2943 canta
323 2899 350 2943 o.

147 2960 365 3016 coucenron.
388 2957 567 3025 procerte,
583 2972 639 3015 seu
652 2965 808 3018 concerto.
824 2959 962 3016 verbum
975 2958 1073 3033 depo-

22 3043 27 3050 ’
110 3042 191 3086 nens
203 3028 274 3087 loeo
287 3029 380 3088 activi
400 3045 408 3088 :
430 3037 469 3087 ut·
482 3037 585 3089 certor
601 3031 695 3089 Eocli.
716 3041 752 3088 xl
774 3048 807 3099 9,
828 3037 859 3087 et
873 3041 1072 3102 supercertor

112 3101 199 3159 sudae
208 3116 237 3159 v.
253 3102 280 3158 ὅ.
301 3102 400 3159 Faber
411 3102 560 3161 ferrarius
574 3103 604 3158 in
616 3104 714 3159 calore
726 3102 857 3173 fornacis
870 3112 1069 3159 concertatur.

113 3173 410 3246 liceli.xxxv1ur9.
428 3189 500 3231 eum
512 3174 616 3234 calore
629 3181 780 3247 perpetuo
794 3181 908 3242 certat,
927 3186 1001 3230 eum
1020 3188 1073 3233 ca·

111 3243 178 3303 lore
191 3247 397 3306 conflictatur·
419 3247 527 3305 Totius
542 3247 703 3304 sententiae
720 3260 818 3302 nexus
838 3244 953 3316 pendet
964 3244 1036 3303 inde
1055 3261 1073 3302 a

112 3331 206 3375 uersu
226 3319 270 3375 25.
292 3323 356 3389 Quo
374 3319 521 3391 supientia
541 3320 719 3390 replebitur,
746 3317 800 3389 qui
822 3318 852 3375 ei
878 3330 990 3375 vacare
1009 3330 1073 3374 non

154 3392 239 3448 test?
257 3401 391 3462 quorum
409 3391 525 3463 aliquot
545 3406 660 3463 genera
679 3403 888 3457 enumerans,
909 3389 1004 3446 etiam
1026 3389 1075 3446 ia·

134 3475 206 3519 rum
218 3461 383 3522 ferrarium
399 3463 548 3521 nominat.
566 3466 633 3532 Qua
646 3462 799 3535 sapientia
808 3461 943 3534 potietur
955 3460 1072 3529 bomo,

114 3534 186 3605 qui,
205 3535 292 3591 omni
307 3534 389 3592 illius
402 3551 479 3594 cura
495 3550 528 3594 se
551 3536 647 3602 usito,
669 3534 792 3594 fornaci
811 3541 843 3591 et
854 3532 969 3591 malleo
981 3547 1016 3591 se
1027 3541 1074 3591 to·

111 3611 181 3663 tum
194 3606 332 3662 addicit?
350 3608 515 3665 Cavemen
537 3621 591 3665 um
605 3607 804 3677 quorundam
815 3605 978 3672 codicum,
997 3619 1074 3662 sane

113 3675 346 3747 importunum,
359 3685 392 3733 et
402 3691 464 3750 quo
475 3686 558 3736 totus
571 3685 734 3735 contextus
747 3676 944 3748 intercipitur
957 3689 994 3738 ec
1007 3677 1073 3734 dis-

115 3746 237 3830 jicitur,
254 3749 330 3812 dum
348 3762 406 3820 pro
423 3749 542 3822 verbis,
562 3764 623 3823 quu
636 3748 779 3821 sapientia
799 3750 978 3875 replebg'tur,
998 3759 1071 3810 cum

851 3838 869 3858 ἣ
981 3837 995 3867 0
