2475 4034
185 54 238 150 96
440 54 648 125 cancarrus.
698 53 896 122 Cmunrco.

220 173 405 234 Cluatllrus.
424 168 602 225 incircuitu
621 166 701 238 impii
718 169 881 225 ambitioni.
905 172 957 226 Ps.
981 181 1017 227 xl
1036 190 1061 242 p.
1080 172 1143 231 lie·

184 241 304 309 braiao,
325 250 356 299 et
368 255 468 311 gram
483 240 638 310 undiquc,
652 240 879 308 circumcirca,
898 244 1034 300 exomni
1047 252 1143 315 parte.

184 316 385 374 (liroumcunt
397 318 589 382 eumentes,
604 311 688 368 unde
701 311 783 380 iusto
796 321 943 369 noceant.
958 316 1034 383 sed,
1050 325 1084 371 ut
1095 317 1143 373 in-

185 387 312 460 geniose
324 389 359 443 1).
375 386 511 441 Thomas
526 384 662 454 Aquinas
682 383 847 451 observat,
872 384 966 441 veluti
988 387 1020 442 io
1038 388 1145 445 orbem

185 465 363 524 currentes,
391 455 569 512 aderitum
594 468 658 511 non
679 456 885 525 perveniant,
912 465 944 512 et
965 467 1144 529 protegente

185 532 283 591 ltonos
301 530 384 586 viros
404 530 488 593 lico,
512 525 608 583 linem
630 541 725 584 suum
746 527 923 597 malignum
946 542 1010 586 non
1032 546 1144 609 consc-

209 609 336 661 uantur.

155 712 163 727 .
186 619 450 732 q(ltuctlutclffln
471 669 628 727 Christum
644 670 758 730 Paulos
775 669 850 729 dicit
866 671 1046 747 arinistrnmx
1055 676 1144 745 faisse

186 744 421 804 circumcisionis.
437 745 524 800 Rom.
542 752 586 801 xv
604 742 631 803 8,
660 742 842 813 Apostolum
856 742 977 800 scilicet
999 746 1144 805 Hebraici

187 815 701 957 midiniltliililliiliit
714 813 936 943 initiata?
950 818 1142 947 litant·

188 960 283 1018 titiam
297 975 399 1017 eorum
414 974 461 1015 rna
476 959 666 1014 recordatam
687 975 697 1011 .·
723 974 801 1013 nane
819 927 1073 1015 circumdederant
1095 976 1143 1017 eos

187 1034 491 1099 adnuentiouessuoe,
503 1042 606 1087 torum
617 1031 694 1105 {acie
706 1043 775 1086 mea
790 1032 967 1101 factasunt.
986 1034 1036 1088 Os.
1052 1043 1099 1089 vlt
1115 1049 1140 1088 a.

188 1107 231 1163 lle
240 1113 366 1177 putent,
381 1118 415 1161 se
429 1119 445 1161 a
458 1116 508 1159 me
522 1103 667 1172 castigari
679 1111 805 1173 propter
818 1112 923 1161 vetera
937 1106 1060 1176 patrum
1071 1117 1144 1160 suo-

188 1190 260 1240 rum
273 1176 402 1242 delicta,
428 1175 544 1243 sciant,
568 1175 644 1230 dare
657 1189 691 1231 se
702 1188 812 1246 poenas
825 1189 954 1243 eorum,
980 1188 1048 1248 quae
1060 1189 1145 1234 nunc
1234 1216 1235 1223 κ

189 1255 329 1322 patrant,
349 1264 418 1319 qaae
431 1247 593 1316 praesentia
606 1245 706 1304 oculis
719 1248 797 1303 meis
814 1247 946 1304 intueor.
1099 1258 1100 1261 ’

225 1322 262 1388 2)
284 1321 410 1376 Femina
423 1318 525 1373 virum
538 1318 747 1377 circumdans.
766 1319 882 1378 creavit
893 1322 1033 1375 Dominus
1042 1334 1146 1377 nouum

96 1450 101 1459 ,
190 1392 403 1464 superterram
425 1405 436 1442 .·
460 1389 570 1459 senoina
589 1390 780 1445 circuamlaait
798 1391 903 1446 oirurn.
925 1394 987 1446 ler,
1008 1402 1086 1447 xxxi
1100 1408 1143 1446 aa.

189 1463 283 1533 virgo
295 1462 391 1518 Maria
404 1464 527 1527 lason,
548 1462 600 1531 qui
613 1462 707 1519 etiam
721 1469 887 1531 antequam
898 1470 1008 1529 natus,
1029 1463 1146 1532 sapien·

189 1536 232 1594 tia
245 1534 292 1591 rir
307 1543 383 1590 erat.
408 1536 475 1590 lloc
493 1547 626 1588 novumn
643 1533 726 1604 qnod
745 1533 913 1604 spurcidici
934 1534 1043 1589 llabini
1061 1548 1146 1597 com-

191 1605 418 1671 miniscuntur,
433 1603 594 1677 antiquum
604 1604 858 1677 etquotidianom
869 1612 931 1669 est,
944 1619 1005 1661 noo
1020 1619 1145 1662 novum.

226 1679 468 1736 thcannanns.
489 1675 662 1740 Eccli.x1,v
684 1693 725 1730 ιο.
748 1677 849 1736 Vestis
862 1675 968 1737 talaris
981 1678 1146 1747 estmagni

192 1750 380 1816 sacerdotis,
401 1757 436 1805 ut
448 1762 562 1805 nomon
580 1761 719 1817 graccum
730 1749 875 1814 ostendit.

224 1823 515 1881 Glacvsssnucnotl.
531 1821 641 1881 'Anima
656 1819 713 1875 uiri
730 1821 825 1881 sancti
836 1819 972 1877 enuntiat
984 1820 1147 1891 aliqnando

191 1907 286 1963 ocra,
298 1910 387 1967 quam
400 1892 771 1964 septemcirenmspectores
787 1893 915 1948 sedentes
931 1893 961 1947 in
980 1893 1092 1948 eaceiso
1110 1894 1148 1948 aa

192 1965 406 2037 speculantium.
427 1964 519 2022 l'ucali.
532 1975 647 2022 xxxvu
662 1964 703 2020 ιδ.
722 1966 775 2020 Vir
788 1972 913 2022 sanctus
926 1964 1084 2021 interdum
1094 1979 1148 2021 vc·
1233 1992 1234 2005 t

192 2037 276 2096 riora
294 2038 406 2105 edicit,
427 2051 521 2109 quam
542 2036 633 2096 multi
654 2037 883 2109 speculatores,
905 2037 964 2093 etsi
990 2036 1098 2106 vigiles
1117 2044 1149 2094 ct

193 2109 405 2246 mgilstssanan.
432 2182 511 2238 Sient
532 2178 677 2252 frigidam
694 2181 763 2253 fecit
776 2181 902 2238 cisterno
919 2196 1029 2253 aquam
1046 2197 1148 2249 sitam,

193 2253 235 2311 sic
244 2255 386 2326 [rigidam
405 2256 473 2327 (ecit
494 2253 706 2321 (Jerusalem)
727 2254 977 2309 maiitiamsaam.
993 2254 1055 2308 ier.
1071 2264 1105 2310 vl
1120 2273 1147 2322 7.

192 2324 335 2385 calorem
344 2327 482 2392 virtutis,
496 2330 528 2379 et
538 2325 644 2394 gradu
653 2325 749 2387 ritam
759 2324 902 2393 extinxit,
916 2324 1017 2394 inquit
1029 2328 1062 2380 l).
1076 2325 1148 2382 llie·

193 2409 648 2525 romalit}&ilrediderttnt'earinis
664 2465 725 2535 ajars
747 2479 757 2518 .·
777 2474 806 2521 et
823 2464 1017 2520 laudaverant
1035 2466 1150 2521 laudant

194 2537 266 2609 alltc.
291 2538 355 2594 Cito
366 2539 517 2607 securint,
535 2537 617 2592 onitu·
628 2545 697 2592 sunt
709 2552 828 2606 operam
840 2536 921 2605 ejas,
941 2545 969 2591 et
988 2553 1046 2592 non
1057 2538 1149 2593 susti·
1231 2556 1232 2587 1

97 2670 102 2679 ,
194 2609 564 2678 narruntconsiliamejus.
581 2611 629 2665 Ps.
647 2619 689 2667 cv
704 2622 734 2660 ro
749 2622 793 2678 sq.
817 2608 1041 2677 ditataverunt,
1061 2623 1150 2666 more
1231 2606 1232 2609 ’

94 2702 101 2715 ·
193 2678 354 2748 hebraico,
370 2693 431 2737 non
444 2681 530 2738 veriti
542 2681 644 2737 officio
657 2680 809 2747 iungitur,
830 2679 885 2735 sed
897 2681 976 2735 mori
993 2681 1148 2738 adverbii:

194 2753 392 2826 propediem,
406 2752 510 2819 brevi,
526 2751 677 2819 celeriter.
692 2748 896 2807 'erediderunt
909 2751 1026 2821 primo,
1038 2760 1070 2809 et
1080 2751 1148 2809 lau·

196 2825 309 2883 darunt
320 2827 419 2893 mom
438 2840 452 2892 :¹
466 2825 521 2881 sed
532 2824 626 2909 paulo
637 2821 729 2894 post‚'
742 2837 872 2895 operam
885 2823 951 2894 eius
962 2824 1064 2893 obliti,
1078 2838 1150 2882 aus·
1230 2862 1231 2878 r

196 2895 313 2956 colrare
327 2895 445 2952 Divinis
459 2897 584 2954 montiis
598 2896 766 2953 desierant.

231 2968 368 3026 (liutans
385 2971 492 3025 Souis.
513 2970 610 3024 linae
625 2968 760 3040 atritione
774 2967 963 3038 civitatibus,
981 2968 1146 3039 dequibus

197 3044 235 3098 is.
255 3052 313 3098 xtx
329 3041 369 3094 ιδ.
395 3039 563 3112 Heliopolis
576 3047 641 3108 est,
661 3056 679 3097 e
696 3038 853 3112 primariis
867 3043 986 3114 AEgypti
1001 3042 1149 3110 urbibus,

135 3147 139 3154 ·
198 3113 395 3170 sacerdotum
409 3113 508 3170 sedes.

233 3188 266 3254 il
280 3185 422 3243 civitates
435 3185 575 3254 accipere
587 3182 620 3239 io
630 3183 773 3240 vanitate.
788 3187 838 3242 Ps.
852 3195 1000 3259 cnxxvrn
1010 3202 1053 3242 uo.
1072 3185 1153 3255 Quid

195 3257 327 3324 haesit,
348 3256 450 3314 dicam
462 3257 495 3312 in
509 3257 581 3313 Voc.
602 3257 730 3312 Vanitas.
977 3276 985 3294 ⁴

232 3329 410 3386 Gunoolco.
431 3332 463 3383 ln
474 3330 520 3383 die
531 3328 602 3395 illa,
617 3329 686 3384 dicit
698 3329 854 3396 Dominus,
868 3330 1056 3402 congregabo
1068 3331 1152 3386 clau·

199 3399 352 3456 dicantan.
367 3400 458 3458 Micia.
474 3411 509 3457 lv
520 3401 546 3455 6.
568 3401 692 3456 Saloaio
705 3401 923 3457 alatttiicantern.
942 3401 1033 3471 Soph.
1053 3406 1092 3458 nl
1108 3420 1148 3471 sp,

200 3472 393 3543 synagogam
411 3472 526 3543 optimc
544 3472 763 3543 interpretatur
780 3476 812 3528 Β.
828 3473 1056 3544 Hieronymus,
1081 3487 1151 3544 qum

198 3539 380 3599 ,interneum
391 3543 591 3601 cisimulacra
601 3587 609 3612 ,
620 3543 1009 3609 iuterbouumctmalum‚
1025 3557 1151 3613 semper

200 3608 394 3671 mendicaret.
415 3619 525 3673 Ponam
537 3617 748 3673 claudicantem
760 3617 791 3671 in
803 3616 949 3689 reliquias.
968 3614 1057 3675 uico.
1074 3624 1109 3670 lv
1119 3633 1148 3680 7.
