2475 4034
192 93 254 225 §a
453 124 663 196 floriana.
714 128 871 195 Cannar.

192 247 348 314 chamos,
366 249 401 303 ut
416 245 543 304 israela
558 244 677 311 ritulo,
696 258 791 315 quem
806 244 839 300 in
853 243 929 300 urbe
944 235 1144 301 nothelmo-

191 320 296 386 ravit‚
322 319 409 375 inani
426 318 494 387 eiua
514 315 626 374 fiducia
643 316 754 372 fretosa

227 391 397 448 Cumania.
425 387 608 461 napropter
627 386 784 444 scelerum
800 386 1026 454 immanitatem
1040 387 1148 457 appel·

191 460 245 520 lati
275 475 499 531 nonnunquam
531 476 549 516 a
575 460 733 530 prophetis
766 457 903 515 Hebraei:
942 463 1082 516 Gitanaaa
1113 460 1146 514 itt

80 540 87 550 ⁴
191 549 282 594 matta
291 534 352 605 ejas
365 541 477 587 statera
485 532 585 588 dolosa
590 570 603 598 ‚
612 532 792 586 calumniam
803 530 913 586 dilexit.
927 532 977 587 Oe.
992 541 1078 599 x117.
1094 533 1148 589 Po·

190 605 282 679 putus
300 619 413 671 meus,
435 603 544 659 similis
563 603 761 672 (ibanauieo,
789 603 902 673 judicia
920 602 1090 673 pervertit,
1115 610 1149 659 et

191 676 355 736 calumniis
369 676 550 732 innocentes
567 675 730 747 oppressit.
753 675 898 732 conticuit
916 674 1009 729 arianis
1026 675 1147 746 popalus

193 751 354 813 alaman,
373 747 565 818 disperierant
575 748 667 803 erutis
680 747 804 803 involuti
815 756 950 819 argento.
967 748 1059 819 Soph.
1075 759 1086 802 ι
1103 766 1144 804 ιι.

191 822 419 879 obmutuerunt
431 820 549 877 attoniti
563 861 570 886 ,
586 819 711 891 jamque
724 820 845 878 excidio
879 818 1009 886 rammi,
1024 819 1147 876 flebraei

191 891 225 948 hl
242 904 300 949 auo
312 891 439 948 nomine
455 891 596 964 indigni,
619 900 651 948 et
663 890 834 951 criminoso
867 891 1024 950 iritiarum
1041 904 1147 950 amore

191 962 342 1035 impliciti.
364 962 464 1019 Samen
480 966 651 1031 'chanaam
675 967 704 1020 et
720 976 779 1021 aaa
797 965 897 1032 iada,
921 970 1050 1020 vocatur
1069 962 1147 1022 alter

191 1035 362 1107 impiorum
382 1051 493 1093 senum
507 1079 516 1104 ‚
544 1039 693 1093 susannae
705 1036 865 1113 interitum
878 1035 1144 1104 machinantium,

191 1110 269 1166 liam
291 1109 409 1172 x1115i.
436 1109 704 1177 Quemadmodum
722 1110 762 1167 ad
777 1109 913 1167 nefarios
926 1107 1164 1179 Hierosolyma*

192 1194 362 1251 proceres,
386 1185 576 1250 caeterosque
601 1180 721 1238 incolas
744 1179 856 1238 dicitur
875 1193 884 1237 τ
906 1180 1010 1236 Audite
1030 1180 1147 1236 nabata

192 1252 307 1308 Domini
321 1252 463 1324 principat
486 1252 679 1307 Sodomorum
693 1289 705 1319 ,
730 1281 747 1295 ·
762 1276 780 1295 ι
795 1284 812 1295 -
826 1254 946 1326 populas
959 1253 1145 1318 Gomorrha,

193 1326 257 1382 iet
277 1341 317 1378 lo.
338 1321 436 1389 Quale
447 1322 567 1380 etillud
585 1335 593 1379 t
609 1327 779 1397 raterium
791 1329 993 1391 Amorraeus,
1013 1333 1043 1381 et
1053 1332 1146 1380 mater

193 1404 247 1451 tau
261 1394 382 1453 Cetltaea.
400 1396 448 1450 liz.
468 1403 526 1450 xvi
538 1387 566 1449 5.

231 1465 716 1539 cnaacanrs.1nprosopopoeia
736 1466 886 1536 sacrilega
900 1466 1120 1523 sennacheribi
1137 1473 1147 1520 t

193 1537 328 1608 h'anquta
350 1553 408 1591 noa
431 1544 463 1604 tlt
483 1538 665 1605 charraris,
691 1539 738 1604 sic¹
755 1539 890 1605 Colan0,·
911 1539 939 1593 et
956 1547 989 1593 at
1008 1538 1126 1608 Arphad
1135 1577 1147 1606 ‚

191 1609 234 1665 sic
249 1608 380 1665 amath?
398 1609 529 1681 nunquid
544 1624 602 1663 aaa
615 1613 649 1664 at
664 1611 845 1676 Damascus,
865 1610 906 1683 aia
921 1611 1084 1664 Samaria?
1104 1610 1145 1665 it.

193 1692 216 1738 x
233 1699 258 1751 9.
279 1681 457 1737 Chareamis
476 1679 718 1750 arhipraclara
738 1682 833 1751 syriae
851 1697 860 1736 z
879 1680 1015 1747 Calano,
1038 1693 1147 1748 regum

194 1751 379 1810 Parthorum
394 1753 492 1816 seties.
510 1753 654 1822 arphad,
671 1757 824 1809 Damasco
836 1752 935 1809 vicina
950 1767 958 1808 t
972 1760 1003 1807 et
1015 1749 1146 1818 umam,

194 1839 265 1897 quae
281 1824 392 1881 ‹leinrle
407 1824 570 1886 malachia,
580 1826 661 1881 dieta
677 1833 745 1890 est,
769 1823 861 1880 totius
881 1823 1012 1879 Romani
1023 1822 1147 1893 imperii

195 1897 270 1952 urbs
280 1896 367 1951 tertia
380 1896 445 1950 luit.
461 1895 663 1968 Hebraeorum
676 1899 776 1951 Deum
788 1897 918 1973 perinde
927 1895 1147 1965 aspernabatur

195 1967 437 2034 Sennacherib,
463 1968 629 2023 rit‘inanes
660 1975 843 2024 caeterarum
874 1968 1014 2037 gentium
1043 1967 1149 2030 deos.

195 2049 269 2096 eum
289 2047 392 2094 tamea
412 2040 546 2094 nonnisi
566 2041 810 2095 insti-mnentam
824 2048 907 2095 esset
924 2038 1010 2107 libid
1027 2053 1056 2095 v.
1081 2040 1112 2092 ι5

195 2109 307 2183 quoad
321 2111 537 2179 castigandum
553 2126 645 2165 suum
665 2110 813 2198 populum
822 2114 905 2167 Deus
916 2119 983 2166 tum
992 2111 1148 2169 utebatur.

232 2183 413 2238 (innutrita.
438 2182 514 2238 Vide
539 2183 666 2238 Caritas.
706 2199 723 2206 ’·

229 2254 401 2310 Chariton
428 2255 491 2318 Erit
516 2254 663 2309 artatam
684 2254 721 2308 ta
737 2254 893 2320 Charmei,
920 2262 948 2308 et
970 2255 1150 2310 clametur

194 2327 303 2382 tultam
319 2326 512 2395 reputabitur.
534 2328 575 2382 le.
596 2335 689 2382 xxxii
706 2328 746 2381 ι5.
767 2324 918 2394 nllegoria
937 2326 1100 2393 gentium,
1122 2333 1150 2383 et

196 2399 387 2469 synagogae:
407 2395 530 2466 illarum
550 2393 656 2458 sterile
670 2396 794 2464 solum,
821 2398 896 2452 dum
913 2395 1060 2451 messiam
1077 2396 1149 2453 ado-

195 2467 307 2523 rabunt
320 2505 328 2534 ,
340 2501 342 2505 »
354 2468 564 2526 amenitatem
584 2477 615 2525 et
631 2467 819 2525 fertilitatem
840 2480 997 2526 summam
1018 2466 1150 2526 induet:

195 2538 236 2596 at'
248 2541 431 2609 synagoga,
456 2540 530 2598 dum
549 2555 622 2596 eum
643 2540 839 2611 repudiabit,
872 2534 997 2603 amissa¹
1009 2536 1151 2608 ubertate

194 2609 350 2682 pristina,
375 2610 482 2666 inculti
499 2617 532 2667 et
546 2612 664 2680 horridi
684 2612 779 2668 saltus
798 2612 897 2667 instar
915 2609 1067 2667 silvescet

230 2682 372 2739 canaan.
396 2685 577 2741 cunarum.
597 2684 720 2740 cherub
736 2682 887 2751 singulari
901 2695 1053 2749 numero,
1072 2681 1150 2741 ohe·

194 2753 298 2812 rubim
310 2753 422 2825 plurali
435 2756 568 2825 (licitur,
594 2765 762 2827 atr-amque
776 2754 921 2810 hebraice
937 2767 1051 2824 genere
1063 2766 1150 2811 mae·

196 2825 301 2884 culino
315 2841 323 2882 ε
338 2840 437 2896 graeco
447 2838 554 2886 tamen
569 2830 666 2898 liebr,
682 2839 716 2885 tx
730 2830 755 2884 5.
771 2826 937 2884 Cherubim
953 2841 1026 2883 eum
1039 2831 1150 2884 neutro

196 2898 450 2968 generelegitur,
470 2901 622 2971 quodvul
647 2910 693 2958 ata
706 2901 820 2974 ibidem
830 2907 862 2954 et
873 2902 921 2955 liz.
940 2910 961 2955 x
980 2897 1149 2956 minitata

196 2976 253 3028 eat
274 2972 321 3031 ad
339 2971 471 3041 ineptias
491 2973 587 3043 igitur
604 2973 642 3029 ab
673 2990 735 3043 ga,
760 2972 879 3048 erudite
901 2974 1034 3038 lector,
1059 2969 1149 3029 illum

197 3041 281 3112 vulgi
303 3057 466 3112 errorem,
490 3060 528 3099 ex
546 3046 678 3102 indoctis
698 3043 883 3115 imaginihus
904 3043 1038 3099 maxime
1054 3040 1149 3099 haus·

198 3122 264 3171 tum
279 3156 287 3182 ‚
311 3116 450 3187 paradisi
460 3116 576 3173 aditum
591 3117 629 3172 ab
645 3132 707 3175 arro
719 3124 838 3174 tantum
851 3115 969 3172 cmlestl
984 3122 1015 3170 et
1029 3121 1149 3171 armato

198 3188 288 3255 genio
303 3188 450 3244 custodiri
466 3188 746 3262 :arianaequiuem
759 3192 841 3245 Deus
854 3187 1004 3243 collocavit
1017 3195 1088 3242 ante
1097 3200 1149 3257 pa·

201 3259 333 3315 raditum
341 3260 497 3331 volttptatis
509 3260 669 3316 Ciertrbim.
684 3263 758 3317 Gen.
775 3271 814 3316 ιιι
825 3261 871 3323 ii.
885 3260 944 3325 Qui
955 3259 1050 3315 latino
1061 3269 1149 3315 more

199 3331 391 3387 (Ξὴενιιὺὶιιιιιιι
419 3339 450 3387 et
474 3332 647 3389 Clierabians
671 3334 863 3400 inllectant,
891 3331 1005 3387 habent
1031 3345 1091 3401 qua
1114 3339 1148 3386 se

197 3409 364 3471 tueantur,
387 3401 523 3472 linguam
542 3403 735 3460 elralaaicanr
756 3420 763 3461 :
787 3402 837 3459 illa
856 3403 972 3458 etenim
992 3400 1147 3473 pluralem

198 3485 365 3529 numerum
384 3475 457 3531 iacit
474 3477 618 3542 Keraoin,
637 3493 666 3531 m
683 3475 828 3531 hebraico
847 3475 879 3534 in
895 3490 916 3528 a
931 3483 1060 3530 inritato.

234 3544 269 3612 il
287 3544 344 3611 Qui
363 3546 449 3602 sedet
468 3562 560 3617 snper
578 3547 754 3603 Chorubim.
776 3550 824 3602 Ps.
843 3555 942 3603 hxxtv
955 3563 980 3599 a.
1003 3543 1148 3602 videlicet

200 3622 302 3692 supra
317 3630 419 3690 arcam
433 3618 556 3675 imiteris
570 3661 578 3687 ‚
600 3634 693 3691 quam
706 3625 823 3674 stantes
837 3618 912 3674 hino
922 3625 953 3674 et
962 3616 1050 3673 illiue
1062 3615 1147 3671 Che-

102 3757 106 3768 ,
199 3679 300 3742 rubim
318 3687 480 3758 tegebant,
507 3689 541 3749 iu
564 3704 659 3751 aureo
682 3690 795 3764 quippe
817 3688 1029 3768 propitiatorio
1046 3683 1145 3746 veluti
