2475 4034
405 133 600 249 ansurno.
650 182 769 249 Ssnxr.
992 151 1063 265 345

154 295 206 368 att
223 299 282 357 Non
291 298 481 370 congregabo
492 297 692 354 conventiculo
706 311 807 353 eorum
819 295 853 353 de
864 296 1063 369 sanguinibus.

118 375 169 431 Ps.
184 374 264 436 xvi„
278 368 388 428 Christi
401 383 462 428 vox
473 378 539 435 cst,
555 371 593 425 ad
606 383 699 439 quam
712 368 849 439 psalmus
858 369 908 425 hic
918 371 1064 439 pertinet:

118 447 184 501 Nou
198 444 259 514 jam
275 450 345 512 pcto
355 477 367 508 ,-
379 448 414 496 ut
431 441 537 497 fideles
547 440 603 498 Dei
616 438 696 497 servi
709 440 894 497 conveniant
906 441 945 497 ad
954 441 1068 502 immo-

118 516 226 572 landas
247 514 378 580 hostias,
407 526 469 581 pro
488 526 620 583 qua-rum
634 512 794 582 sauguine
818 511 902 569 Patri
920 512 1066 586 deinceps

119 601 208 644 meus
228 585 363 656 quotidie
382 583 539 641 offeretur.
1040 612 1075 660 23

157 660 331 715 quoutuos
353 658 468 711 Praeter
485 663 616 727 castora,
634 653 898 726 quorumpudcre
911 655 1001 715 debat
1011 669 1068 714 ne·

118 729 259 797 minem,
279 729 321 785 ait
345 725 518 794 Siraoidos,
542 727 788 786 consuescendum
808 740 870 784 nou
896 742 965 784 esso
985 743 1073 786 seruo·

118 801 239 872 pressiaco
262 801 340 855 totns
361 799 549 870 sanguinare.
575 798 666 855 Eccli.
689 809 757 855 xxlt
780 798 807 854 5.
831 798 970 870 Flagellis
994 812 1092 858 etim·

118 873 290 943 srtbjicore,
305 871 398 927 etiam
416 871 453 928 ad
468 870 650 939 sanguinem
662 884 777 941 usques

155 947 365 1002 sauoorsoox.
390 945 425 997 tn
442 942 556 998 celebri
576 941 748 999 Salomonis
763 942 926 1014 aenigmate
939 942 976 1002 do
989 945 1077 1001 sau«.

117 1017 267 1087 guisuga,
288 1018 376 1072 Prov-
392 1025 458 1070 xxx
474 1015 563 1084 15sq.
579 1014 645 1069 hacc
658 1013 803 1083 leguntur
822 1030 830 1072 ε
852 1015 920 1070 trio
936 1024 1004 1071 sant
1019 1016 1066 1070 in-

118 1088 310 1154 saturabilia,
337 1095 365 1141 et
390 1094 549 1158 quartam,
573 1086 651 1155 quoo
669 1100 819 1156 nunqnam
838 1087 906 1143 dicit
943 1088 1064 1161 Sufficit.

118 1162 272 1230 Infernas,
294 1168 323 1214 et
341 1159 473 1236 atomon
496 1161 577 1227 (cxx
596 1164 737 1241 vortunt,
760 1171 848 1215 amor
862 1127 1019 1227 muiicrisi
1031 1168 1068 1243 ‘et

119 1243 202 1288 terro
214 1243 277 1303 quse
289 1245 347 1285 non
366 1227 494 1286 sotiatur
512 1243 589 1300 aqna
609 1243 616 1284 :
637 1229 713 1300 agnis
732 1245 801 1286 nero
815 1246 965 1303 nunquam
981 1231 1065 1300 diest,

119 1304 236 1376 Sufficit.
260 1302 450 1371 Sanguisuga
469 1309 516 1358 est
535 1299 709 1370 Cupiditas,
730 1301 819 1372 cujus
835 1301 899 1361 utta
916 1302 1068 1360 atmiuis·
1134 1345 1137 1350 -

118 1383 193 1442 trae,
219 1374 361 1446 potentiae
383 1374 535 1430 nimirum
552 1372 709 1439 hominis,
732 1386 855 1443 semper
878 1382 990 1443 urgent
1007 1373 1068 1432 cla·

118 1454 258 1513 mantes,
277 1444 375 1512 Affer,
390 1445 473 1502 affer·
495 1445 629 1515 infernus
642 1445 746 1501 ostica
759 1485 773 1512 ,.
789 1446 979 1502 interneciuo
993 1487 1005 1514 ,-
1019 1454 1065 1515 et,

118 1518 180 1574 nisi
200 1517 322 1574 hostem
346 1517 377 1573 in
402 1516 522 1574 tumulo
544 1516 648 1579 videat
662 1557 678 1584 ,.
697 1530 760 1572 non
779 1516 951 1585 quiescens.
972 1521 1069 1576 Amor

117 1589 300 1646 libidinosus
321 1589 425 1645 satiari
447 1586 561 1659 nequit.
580 1590 677 1644 Terra
695 1587 837 1645 sabulosa
856 1596 903 1645 est
921 1589 1046 1650 avaritia
1054 1631 1070 1658 ,-

10 1711 21 1732 ,,
120 1660 267 1732 quidquid
289 1659 457 1727 infuderis,
488 1657 659 1727 hauriens,
683 1659 843 1717 audenus
868 1659 985 1717 sitiens.
1007 1663 1067 1720 Setl

117 1733 254 1789 maximo
265 1731 344 1802 ignis
358 1732 554 1800 ambitionis,
574 1731 639 1787 sive
652 1729 810 1801 superbia·
826 1732 956 1800 Quidum
969 1731 1068 1790 inter·

117 1807 279 1875 precantur
300 1805 535 1874 corruptionem
562 1803 887 1873 rorumpereuutium
898 1846 910 1876 ‚
933 1805 1067 1862 Genera·
1123 1841 1126 1850 «

116 1877 234 1933 tionem
249 1889 421 1946 novarum,
438 1878 568 1931 Terram
582 1889 660 1945 aqua
673 1875 880 1934 ioecuodatam
894 1879 929 1931 'ot
939 1889 1065 1947 semper

117 1947 270 2014 fertilem,
285 1962 325 2004 ac·
336 1947 468 2025 deniquo
477 1950 583 2015 ignem
593 1946 1066 2015 omuinunpasceutemoverum

119 2018 186 2075 tiaec
203 2017 353 2076 naturalia
379 2026 451 2076 suut
470 2032 479 2074 ι
499 2017 644 2076 salomon
668 2025 731 2076 toto
756 2018 819 2082 hoa
837 2016 917 2077 libro
935 2018 1067 2078 moralia

141 2102 211 2145 arse
233 2088 325 2145 uitur.
656 2135 658 2146 .
767 2119 769 2122 ·
1026 2117 1032 2148 z

118 2104 139 2159 p
158 2101 313 2218 sxuqtms,
332 2162 362 2217 A·
369 2163 473 2233 plenta
482 2162 559 2233 pedis
573 2176 661 2237 taque
672 2164 710 2220 od
720 2163 854 2221 uerticem
866 2179 925 2223 non
937 2174 981 2221 est
991 2165 1022 2221 in
1033 2180 1067 2222 eo

119 2232 239 2288 sonitus.
262 2235 337 2289 ls't
355 2235 381 2289 6.
403 2234 564 2292 Chaldaice
585 2250 734 2307 perquam
754 2236 887 2293 dilucide
907 2254 916 2295 z
935 2239 960 2292 Δ
977 2235 1066 2308 plebe

119 2317 156 2359 ns
179 2318 220 2360 ue>
234 2304 272 2361 ad
288 2305 452 2379 principes.
473 2308 659 2377 Proponitur
678 2315 822 2365 aratore
844 2306 873 2365 'o
891 2315 990 2366 totum
1003 2306 1067 2366 roi·

117 2318 620 2450 puilicaecorpusseuiusomnia
633 2378 791 2447 membra,
855 2379 920 2438 imo
929 2380 968 2437 ad
980 2393 1067 2439 sum-

118 2460 232 2516 mnm‚
256 2450 411 2508 variorum
434 2450 588 2510 scotorum
612 2451 734 2508 morbis
753 2451 901 2512 iniectum
920 2459 994 2510 orat
1020 2453 1066 2509 De

117 2520 229 2577 Massia
243 2534 280 2577 co
292 2520 360 2579 loco
373 2521 458 2579 nihii.
483 2526 528 2579 Dc
543 2522 670 2580 Christo⁴
681 2522 774 2592 igitur
793 2523 926 2595 patiente
946 2538 982 2582 nc
996 2537 1073 2583 mo·-

117 2590 216 2648 ricntc
229 2593 321 2650 rerba
334 2594 399 2651 haec
411 2609 483 2651 vera
498 2602 586 2660 suut,
607 2601 756 2665 quatenus
775 2596 868 2655 verba
888 2602 983 2663 suut,
1001 2609 1072 2654 nou

118 2670 268 2733 quotanus
279 2665 371 2722 verba
386 2667 544 2737 prophano
556 2674 629 2722 sunt
642 2667 692 2722 :id
704 2674 766 2734 cst,
778 2668 804 2724 si
812 2668 879 2727 haeo
892 2668 931 2725 de
943 2668 1066 2726 christo

116 2736 316 2806 pronuntias,
338 2745 389 2793 aut
402 2739 468 2809 cius
484 2738 613 2807 imagini
627 2737 793 2807 adscribis,
806 2753 855 2796 res
868 2754 941 2796 vcra
952 2747 1020 2807 cst;
1040 2740 1067 2797 si

116 2804 201 2861 hunc
214 2807 368 2876 prophetae
377 2809 481 2866 locum
490 2810 651 2876 nunninus,
665 2811 696 2865 iu
708 2818 785 2866 teste
796 2823 907 2882 peccas
916 2818 969 2876 rot
982 2810 1066 2881 quod

117 2874 169 2932 illc
183 2876 220 2934 de
233 2876 329 2947 impio
341 2881 454 2950 populo
468 2882 609 2950 scripsit,
624 2881 783 2952 scripsisse
797 2883 834 2938 de
847 2883 959 2939 Sancto
973 2896 1065 2938 sanc-

117 2954 224 3005 torum·
238 2948 314 3005 dicis
326 2952 492 3022 squouque
510 2952 562 3009 itta
579 2953 617 3008 (lc
630 2960 828 3023 peccatorum
840 2952 891 3009 lue
908 2953 1062 3020 affirmat,

117 3027 230 3101 tu-eum
244 3022 396 3078 affirmare
410 3021 491 3079 dicis·
500 3025 537 3080 dc
549 3032 748 3105 pcccatorum
761 3023 915 3091 remedio,
928 3023 967 3081 de
977 3022 1063 3083 salu-

116 3089 213 3148 trieris
226 3091 516 3152 christianioribus.
1008 3148 1012 3154 .

153 3163 338 3221 Sartuursx.
364 3167 428 3223 Non
449 3165 554 3224 multis
573 3166 736 3226 manifesta
752 3182 821 3227 esse
839 3165 1000 3239 Sapientia
1014 3180 1066 3223 se-

115 3235 252 3293 cundum
265 3250 383 3295 nomeu
398 3253 489 3295 suum
502 3239 614 3297 dicitur
627 3239 719 3298 ticoli.
735 3252 769 3298 tu
787 3241 829 3295 et.
849 3238 1011 3307 Quodnam
1025 3238 1065 3298 sit

115 3305 175 3362 hoo
187 3321 301 3365 nomeu
310 3305 467 3376 ,disserui
479 3311 510 3367 io
527 3312 594 3382 ipso
610 3310 765 3370 vocabolo
777 3311 977 3378 xonen‚t·⁵··

152 3379 261 3436 anxt.
284 3381 364 3437 Dicit
376 3398 488 3455 quoqne
503 3387 577 3439 Dens
595 3384 635 3439 od
646 3385 794 3444 Aaronom
809 3400 828 3439 t.
840 3384 927 3441 soror·
940 3396 1063 3438 onorem

118 3455 200 3503 totam
220 3466 277 3505 non
295 3449 407 3509 narniis
427 3455 533 3522 soret,
552 3455 602 3512 sed
620 3455 975 3513 Soram..(ien.xvt115.
999 3455 1062 3510 ile-

116 3518 368 3591 hraicumsoroi,
388 3525 512 3582 domina
524 3541 594 3582 mea
610 3529 725 3595 ;Soro,
745 3526 891 3593 domium
909 3539 1061 3587 amason-

114 3587 180 3672 lino
203 3593 277 3660 Sor,
297 3596 457 3666 princeps,
475 3596 618 3655 dominus
641 3612 648 3653 ε
668 3610 803 3669 proquo
822 3598 936 3658 Arabes
956 3597 1062 3654 dicunt

115 3663 181 3730 ἐιη
192 3662 266 3718 unm
279 3667 353 3720 cotti
364 3682 448 3722 snum
461 3669 538 3725 stus
550 3677 720 3738 occepernnt
731 3668 970 3734 ,aiacornetius
981 3670 1064 3726 ala·

114 3731 186 3807 pide
201 3733 234 3792 in
252 3734 278 3793 1.
293 3737 489 3796 corutum.
767 3794 771 3799 ,
881 3799 943 3866 δὴ,
1017 3793 1019 3798 .
1050 3791 1054 3800 .

865 3828 876 3867 r
