2475 4034
192 95 259 182 146
475 96 658 163 Donnrrro.
705 96 847 163 *Dauom

186 214 271 271 multi
281 221 400 269 mourut
415 226 503 284 usque
513 212 630 279 adbuc,
645 211 825 282 superstites
839 220 929 282 sunt,
950 212 1067 286 quidam
1078 232 1137 273 αα·

187 296 245 343 tem
251 287 451 351 domuruut,
460 299 477 340 e
486 283 736 352 vitamigrarunt
749 285 777 341 1.
787 284 855 342 Gor.
867 296 911 342 xv
920 288 946 342 6.
956 286 1021 345 laco
1033 294 1137 360 (prop-
1197 352 1200 359 ‚

185 366 234 417 ter
251 356 410 427 indignam
427 355 569 428 Corporis
588 354 744 413 Dominici
760 357 1034 426 communionem)
1060 361 1138 417 later

186 447 237 489 uos
255 431 341 486 multi
357 428 466 499 infirmi
479 436 507 484 ct
520 427 685 496 imbecilles,
704 436 734 483 ct
750 428 1004 486 dormiuotmutti.
1022 431 1048 487 1.
1066 432 1135 491 Cor.

186 505 273 561 xiia.
288 505 330 558 lie
340 501 488 571 detorque
497 500 564 557 haeo
574 498 613 555 ad
623 499 803 569 languorem
812 508 1014 573 teporemque
1024 503 1137 574 animi,

184 584 219 634 et
231 582 363 633 mortem
380 572 507 642 gratiae:
527 570 631 628 animo
649 571 734 628 enim
749 585 813 629 non
828 573 915 628 multi
930 616 938 641 ‚
959 573 1016 631 sed
1027 588 1137 635 omnes

189 654 278 707 erant
288 645 423 711 mortui,
438 645 614 716 quicunque
627 641 753 711 indigne
765 652 982 702 accesserant:
997 646 1053 702 sed
1064 660 1138 718 pro-

107 742 111 747 ·
187 719 255 792 prie
274 732 310 774 ac
325 732 398 774 vero
414 715 551 786 morbis,
572 713 780 774 imbecillitate
793 716 962 793 corporis,
979 730 1017 775 ac
1035 726 1138 780 morte

210 789 291 847 uniti
308 799 405 846 erant.
734 791 737 795 '
800 802 804 809 ·
941 814 943 817 ·
1044 796 1047 801 ’

187 807 208 863 p
226 862 416 930 illiormire
426 867 456 917 et
466 858 615 932 soporari.
631 862 693 933 Egn
701 859 841 927 domiui,
853 869 1136 932 ersopuruuususm

144 964 147 967 ·
188 944 217 991 et
229 932 411 990 exsurrexi:
430 935 499 1007 qula
514 934 652 990 Dominus
673 934 795 1006 suscepit
815 948 871 989 rue.
895 936 944 989 Ps.
965 937 1048 991 1116.
1071 937 1138 994 Deo

189 1007 349 1074 confisus,
369 1007 469 1078 inquit
481 1005 601 1072 David,
622 1004 703 1063 inter
719 1007 896 1076 ingruentes
913 1004 1047 1078 undique
1065 1006 1137 1064 hos·

188 1089 235 1138 tes
256 1122 264 1148 ‚
291 1093 402 1137 securo
423 1089 528 1135 tamen
546 1077 659 1135 animo
681 1091 824 1135 somnum
844 1077 941 1148 cepi,
966 1086 997 1134 et
1018 1085 1138 1137 arctum

191 1151 320 1223 quidem
341 1167 349 1208 ε
368 1149 516 1221 nulloque
534 1150 611 1205 mibi
630 1150 744 1208 damno
762 1151 846 1207 illato
867 1150 1046 1221 exsurrexi,
1066 1149 1139 1221 quia

189 1224 340 1280 Dominus
350 1222 554 1292 patrocinium
565 1221 628 1277 mei
639 1231 827 1292 susceperat
838 1220 1139 1293 dilegorice‚chris·

190 1304 239 1350 tus
262 1293 447 1351 obdormivit
468 1293 500 1347 in
526 1306 644 1358 cruce,
671 1294 823 1351 altissimo
845 1302 876 1350 ei
895 1303 1011 1352 aeterno
1029 1307 1141 1365 sopore

190 1379 356 1438 oppressus
374 1365 406 1418 in
423 1361 544 1418 tumulo
561 1362 647 1418 visus
670 1374 738 1432 est,
759 1367 809 1421 die
829 1365 922 1422 tertio
936 1365 1118 1429 exsurrexit.
1135 1425 1137 1429 Α

227 1438 399 1492 Donnllno.
427 1435 469 1490 Ao
482 1434 684 1503 ‚increpatione
703 1446 755 1491 tua
772 1442 847 1493 Deus
862 1438 951 1493 Jacob
962 1438 1140 1495 durauitaue-

189 1515 261 1562 runt
280 1506 329 1577 qui
341 1507 534 1561 oscerrcicruut
545 1520 643 1576 equos.
664 1509 713 1561 Ps.
736 1519 820 1563 uxxv
835 1526 861 1575 7.
881 1510 1011 1565 Carmen
1028 1510 1088 1567 hoc
1106 1510 1140 1566 in

191 1579 332 1651 Assyrios
347 1577 497 1647 scriptum
513 1584 582 1632 est:
603 1582 637 1630 ut
653 1576 720 1646 ipse
735 1578 841 1633 titulus
864 1578 963 1636 docet.
988 1581 1034 1634 llli
1048 1596 1139 1651 ergo,-

192 1651 246 1724 qui
265 1647 348 1707 nulla
362 1663 395 1707 re
408 1648 522 1719 magis,
545 1662 638 1719 quam
654 1648 790 1720 equitatu
808 1648 900 1717 freti,
926 1651 1072 1708 liebraeos
1089 1667 1140 1708 as-

214 1723 420 1789 sumebantur,
437 1719 679 1792 reprehendente
697 1729 728 1776 et
743 1721 890 1792 puniente
907 1722 1062 1789 Domino,
1085 1737 1141 1779 su-

191 1739 257 1854 isto
274 1795 383 1852 mortis
398 1808 508 1865 sopore
525 1792 659 1862 correpti
672 1802 752 1849 sunt
773 1791 1006 1863 Elegantissime
1016 1793 1153 1861 hebrai,

193 1882 230 1927 ca
245 1883 253 1924 ε
267 1867 449 1938 consopitus
463 1872 510 1922 est
522 1873 553 1921 et
568 1879 697 1936 currus,
718 1874 748 1921 et
759 1881 870 1936 equus.

228 1941 377 1997 Dousuu.
405 1939 536 1995 iuimicus
555 1950 631 1993 rurus
651 1937 752 1993 deusti
771 1938 841 1993 mibi
863 1937 982 1994 imaum
1000 1940 1049 1995 Ps.
1069 1946 1140 1995 xvii

193 2013 238 2076 lu.
249 2011 287 2068 b.
302 2011 508 2083 Hieronymus
522 2011 613 2068 vertit
636 2025 644 2066 ι
665 2009 863 2067 inimicorum
875 2023 1018 2068 meorum
1031 2008 1142 2068 dedisti

193 2082 272 2144 mihi
284 2072 434 2151 dorsum,
453 2084 528 2140 dum
546 2080 689 2139 videlicet
704 2097 761 2140 >eus
778 2082 810 2138 in
829 2082 936 2152 fugam
946 2079 1138 2154 compulisti.

194 2158 284 2212 Posses
297 2158 343 2212 ebs
363 2157 490 2212 uersuros.
509 2157 559 2211 Ps.
579 2166 622 2213 xx
646 2156 688 2212 ιδ.
709 2158 745 2210 ln
761 2154 867 2224 fugam
882 2168 936 2211 eos
951 2163 1065 2212 vertes.

229 2228 405 2285 Duacuurl.
423 2231 521 2284 Slater
531 2228 595 2284 sive
609 2227 703 2285 siclus
714 2227 869 2283 drachmis
881 2227 983 2284 atticis
991 2235 1140 2298 quatuor,

194 2299 347 2356 hebraicis
367 2300 484 2358 duabus
504 2300 664 2356 constabat
684 2315 692 2356 ε
717 2298 869 2356 hebraicae
888 2298 972 2356 enim
989 2299 1037 2356 bis
1058 2307 1142 2356 tantu

145 2402 148 2414 ·
194 2369 358 2439 valebant,
379 2387 472 2442 quam
488 2386 594 2440 graecae
610 2372 680 2427 illac.
701 2373 778 2427 Cum
791 2385 865 2439 ergo
879 2370 1142 2429 tetradrachmum

195 2440 343 2514 atticum,
362 2443 429 2499 siue
440 2443 534 2500 siclus
547 2450 600 2500 aut
614 2451 725 2510 stater,
747 2441 865 2499 assibus
878 2442 1064 2498 nostratibus
1081 2442 1143 2499 cir·-

194 2510 274 2568 citer
293 2513 417 2582 triginta
443 2515 505 2573 dato
522 2523 676 2587 aequctur,
698 2513 881 2585 relinquitur
904 2521 940 2569 ut
961 2513 1142 2572 drachmam

197 2582 322 2639 atticam
338 2585 457 2654 assibus
471 2593 540 2642 octo
554 2588 736 2653 aetimemus.

212 2655 358 2721 ¹illirico.
379 2657 508 2715 Laudato
521 2660 675 2714 Dominum
687 2660 721 2713 dc
737 2667 841 2723 tura,
860 2658 1020 2724 dracones,
1040 2667 1068 2713 et
1080 2671 1140 2712 our·

197 2739 247 2781 aas
265 2727 368 2799 abyssi.
383 2731 431 2795 lis,
449 2739 572 2786 exuunt
589 2751 614 2800 7.
630 2730 762 2787 Laudate
777 2724 965 2796 Dominum‘,
984 2736 1019 2784 tu
1031 2741 1049 2786 o
1061 2736 1142 2787 oerra

172 2810 269 2857 ‘cum
292 2799 602 2871 animantibusuuis,
622 2815 739 2873 vosque
755 2815 774 2857 o
794 2802 893 2858 maria
914 2815 986 2859 cum
1007 2801 1141 2866 vestris;

195 2869 335 2927 nominat
359 2872 519 2943 speciatim
544 2882 670 2946 propter
688 2874 908 2942 magnitudinis
932 2873 1142 2943 praestantiam

199 2941 349 3003 dracones
366 2945 502 3017 marinos
519 2960 575 3004 seu
594 2957 688 3005 cetos.
701 2946 898 3003 hebraicum
913 2946 1054 3002 tuuuioim
1072 2942 1143 3001 Vul-

178 3064 181 3069 .
198 3021 269 3086 gata
283 3015 350 3084 ipsa
363 3017 437 3074 Gen.
456 3028 468 3072 ι
487 3034 530 3072 21.
548 3017 767 3089 iuterpretatur
781 3029 851 3076 cete.
1002 3023 1005 3027 ’

200 3099 205 3104 ’
231 3086 269 3155 2)
286 3089 463 3145 Draconem
473 3089 576 3146 irater.
596 3091 654 3147 lob
669 3091 706 3148 de
719 3106 754 3148 se
771 3106 779 3149 ε
796 3095 899 3151 Frater
910 3091 954 3162 sui
965 3091 1143 3156 draconum,

197 3168 227 3214 et
238 3161 330 3216 socius
347 3162 551 3218 struthionum.
568 3163 636 3218 iob.
653 3175 718 3220 xxx
732 3181 776 3233 29·
792 3167 829 3220 lli
844 3171 983 3220 nontam
1000 3176 1056 3234 pro
1071 3160 1143 3220 soli·

197 3231 327 3316 tudine,
348 3246 441 3304 quam
459 3247 516 3304 pro
531 3230 700 3304 plangore,
721 3235 834 3303 sibilo,
857 3235 994 3302 eiulatu,
1013 3233 1143 3291 stridore

198 3316 365 3372 accipiam,
381 3304 489 3363 suadet
498 3312 659 3363 contextus
672 3321 680 3362 :
694 3308 841 3378 praecedit
852 3307 937 3364 enim
948 3322 956 3363 s
967 3319 1142 3378 consurgens

198 3374 229 3428 io
246 3377 332 3429 turbo
350 3376 520 3433 clamabunt.
541 3392 569 3434 v.
593 3376 635 3434 28.
653 3385 687 3432 et
703 3379 841 3450 sequitur
857 3395 864 3435 :
878 3394 964 3435 uersa
982 3388 1025 3436 est
1038 3379 1069 3433 iu
1082 3380 1144 3432 iuc-

200 3452 263 3503 tuto
280 3447 397 3503 cithara
410 3456 496 3515 meo,
521 3457 550 3504 et
568 3464 715 3519 organum
732 3467 828 3506 meum
845 3450 876 3505 in
891 3466 990 3506 uocem
1005 3450 1142 3524 flentium·

199 3514 296 3595 veuit.
314 3518 374 3573 Sed
384 3517 556 3576 clarissime
568 3520 738 3578 hebraismi
750 3521 841 3591 hairu
853 3530 998 3579 naturam
1011 3520 1145 3579 ostendit

199 3583 458 3657 hirchoeae'locus,
480 3601 492 3645 1
509 3592 534 3645 8.
556 3593 724 3662 Plangere,
744 3601 772 3648 et
791 3593 907 3648 mutabo
922 3611 934 3646 .·
949 3625 962 3636 -
979 3624 992 3635 ·
1008 3623 1021 3636 ·
1035 3592 1144 3661 sociam

200 3651 440 3747 planctumquelut
453 3661 638 3730 draconum,
656 3664 807 3720 etiuctum
820 3665 904 3732 quusi
914 3662 1119 3720 struthionum.
