2475 4034
409 136 562 204 Vraroa.
611 137 713 205 Vror.
966 124 1039 228 403

73 249 200 324 aquile
210 262 265 322 por
280 255 407 318 aerem,
433 249 585 321 serpentis
598 250 631 307 in
645 265 744 322 rupe,
763 253 852 311 narb
862 269 918 326 per
928 271 1037 328 mare3
1126 302 1135 325 .

87 338 147 386 uec
164 322 261 382 ullum
280 322 328 379 sni
347 321 494 393 relinquit
509 322 674 392 vestigium
689 338 701 380 t
715 323 870 383 incitatior
886 334 992 389 tamen
1005 340 1039 390 et

87 394 238 455 occultior
258 402 305 455 est
325 394 476 464 cupiditas
494 393 614 464 invenis
632 436 650 463 ,.
673 408 740 466 onae
756 409 829 454 cum
846 399 943 455 aetatis
962 403 1039 462 flore

87 467 231 533 celeriter
247 466 405 541 praeterit,
430 474 462 523 et
479 465 593 525 laetitiae
611 480 677 524 suae
694 468 857 538 vestigium
876 486 1038 541 superesse

86 553 150 598 oon
166 539 245 596 sinit.
261 543 348 600 lianc
359 538 502 595 salazarii
515 538 740 610 expositionem
751 540 784 596 in
804 555 900 598 sensu
913 542 1039 603 litterali

87 612 207 670 caeteris
219 612 315 672 etiam
330 611 402 671 ideo
418 619 596 682 antepono,
615 611 688 682 orna
703 612 842 682 protinus
857 614 941 671 addit
952 615 1039 673 Salo-

87 695 162 749 mon
178 698 186 740 2
202 686 276 743 Talis
290 692 374 741 estet
388 683 437 743 nt'o
453 683 583 738 mulieris
600 683 741 757 moltero
758 698 823 757 punt
838 687 984 756 comedit,
1010 698 1040 746 et

88 763 204 827 tergens
220 773 252 815 os
267 772 378 822 isram,
397 754 466 812 dicit
481 771 492 809 .·
511 760 570 811 lton
584 771 650 810 snm
667 767 788 828 operata
802 759 921 815 matum.
945 775 972 816 r.
990 773 1035 832 sq.

87 829 133 885 iio
148 826 309 887 libidinem
321 827 462 894 libidini,
485 826 723 884 occultationem
736 829 934 888 occultationi
953 845 1038 890 com·

86 907 245 970 paratam:
262 902 335 959 Totis
344 908 395 955 est.
412 898 583 968 Allegorice
592 899 698 968 magui
712 909 856 958 auctores
866 903 905 959 de
917 903 1039 962 christo

87 973 330 1045 interpretantur
349 980 362 1029 r·
374 978 405 1029 et
420 979 520 1041 potest
537 1011 547 1038 ,
571 971 596 1027 si
615 971 708 1029 rerba
731 972 795 1029 sola
812 973 878 1031 sine
895 982 1039 1033 contextu

88 1044 292 1113 respicimus,
305 1043 355 1101 via
367 1042 424 1100 viri
438 1043 470 1098 in
481 1042 706 1112 adolescentia,
722 1059 776 1100 seu
790 1045 1036 1115 adolescentula,

87 1122 123 1173 ot
144 1115 239 1187 aliqui
255 1123 398 1182 vertum,
422 1115 522 1184 aptari
541 1115 663 1172 christo
685 1123 835 1188 concepto
854 1126 873 1174 a
891 1118 1015 1187 Virgine
1027 1161 1042 1187 ,,

87 1193 120 1245 et
133 1185 167 1243 in
184 1195 273 1245 etate
289 1187 458 1245 tenerrima
473 1187 540 1245 viro
559 1187 695 1257 perlecto
709 1206 718 1254 ;
741 1188 790 1245 via
806 1189 917 1256 naris,
937 1190 1039 1248 eidem

86 1257 284 1323 inimmenso
295 1258 439 1319 dolorum
448 1259 528 1317 mari
538 1259 635 1315 vitam
646 1259 784 1326 linienti3
802 1260 851 1316 via
865 1261 1016 1331 serpentis
1027 1284 1041 1330 ,1

88 1344 107 1386 e
120 1329 282 1400 sepulcrali
296 1345 371 1390 saxo
383 1330 422 1389 ad
433 1330 520 1399 piros
533 1330 694 1398 redeuuti3
713 1332 763 1389 uia
776 1331 908 1405 aquilae,
929 1333 1039 1390 inste·

88 1400 156 1465 lum
174 1403 362 1463 ascendenti.
532 1406 536 1415 ‘

125 1475 163 1541 a)
185 1476 240 1534 Via
258 1489 331 1537 cnm
349 1472 571 1546 aenidrotoci.
592 1473 743 1533 Hebraico
760 1488 822 1548 pro·
839 1477 890 1535 ria
910 1477 947 1535 ad
963 1492 1037 1536 eum

85 1542 192 1605 mcum
204 1547 335 1609 ducente
348 1556 522 1618 usurpatur.
544 1547 596 1604 Via
607 1548 698 1603 moris
709 1588 718 1615 ,
729 1550 768 1604 is.
784 1559 819 1605 tx
834 1567 868 1617 ι,
888 1557 919 1606 et
931 1550 1035 1607 liatth.

86 1627 123 1683 ill
140 1619 194 1685 15,
216 1627 265 1677 est
278 1620 326 1679 ria
343 1620 382 1678 ad
397 1633 509 1686 mare,
532 1619 615 1690 quod
629 1619 891 1679 mediterraneum
906 1620 1046 1695 appella--

84 1702 168 1747 mos.
187 1690 242 1750 Via
263 1692 428 1764 liphratae,
456 1692 530 1749 Gen.
552 1701 655 1748 xnrtrr
677 1710 719 1762 7,
742 1699 789 1749 est
808 1693 857 1749 oio
877 1693 1044 1765 producit

85 1763 267 1834 prrdtom,
288 1771 323 1820 ut
340 1770 460 1822 constat
478 1778 517 1819 ex
534 1763 608 1819 Gen.
637 1775 724 1821 xxxv
748 1781 792 1833 ¹9·
817 1763 872 1820 Via
894 1765 1014 1836 AEgypti
1026 1792 1047 1833 ,=

86 1834 214 1901 Austri,
234 1833 413 1907 Aquilonis,
432 1840 480 1890 est
494 1833 543 1891 via
556 1849 665 1891 versus
678 1848 748 1892 eam
762 1834 894 1907 plagam.
1054 1843 1056 1848 ’

18 1912 22 1921 ’
122 1905 161 1972 il
182 1907 236 1963 Via
252 1921 309 1978 pro
323 1905 547 1964 consuetudine
563 1921 619 1962 seu
640 1919 742 1962 more.
758 1907 990 1979 mogontiam,
1010 1915 1049 1965 et.

85 1991 122 2033 an
174 1977 280 2045 biom,
297 1987 325 2034 et
342 1978 420 2034 riom
433 1990 578 2048 mosum,
599 1977 622 2031 i.
640 1992 667 2033 e.
685 1990 792 2034 morea
810 1978 932 2044 malos,
959 1987 988 2035 ct
1003 1990 1038 2035 ot

87 1992 216 2117 diffide
232 2050 367 2105 detestor.
394 2051 483 2104 Prot.
505 2058 567 2105 vlu
594 2047 635 2101 ιδ.
663 2048 713 2105 Sic
737 2046 853 2132 passim
876 2048 909 2105 in
928 2050 1049 2108 birino

86 2119 201 2179 (lodice
212 2119 274 2179 ,viae
285 2119 448 2179 hominnm
463 2131 519 2188 pro
537 2118 664 2176 illorum
681 2118 843 2188 moribus,
862 2129 895 2176 et
913 2122 970 2178 vie
982 2123 1049 2178 hei·

110 2204 146 2247 ro
164 2190 274 2249 nivino
292 2190 404 2261 agendi
421 2189 514 2248 modo
537 2190 689 2268 dicuntur.
714 2192 782 2248 Huc
801 2192 940 2249 revocari
962 2194 1049 2252 solet?

124 2262 167 2319 ud
179 2266 217 2319 ls.
233 2274 255 2319 x
273 2264 306 2326 at
321 2270 354 2319 et
365 2264 422 2332 ab,
445 2261 499 2319 uhi
510 2261 655 2334 Assyrius
669 2258 780 2333 dicitur
793 2261 929 2320 elaturus
945 2263 1040 2327 hacu-

85 2332 155 2391 lum
173 2342 280 2395 contra
302 2334 414 2394 iudam
436 2334 467 2389 t‘n
486 2333 534 2389 rio
551 2334 696 2405 AEpypti3
721 2335 776 2393 sed
797 2334 998 2405 herebardus
1021 2350 1039 2393 a

84 2407 154 2463 Deo
165 2406 258 2476 jorra
268 2406 512 2479 plagomlderit'an
523 2406 648 2475 inpetro
660 2406 734 2461 oreb
742 2442 753 2475 ,
763 2406 838 2481 etin
849 2407 897 2463 ria
911 2413 945 2464 Ε
1005 2410 1050 2466 ti.-

84 2477 203 2537 nedem
215 2476 381 2539 crudelitas
393 2478 425 2535 in
440 2477 668 2537 Sennacheriho
684 2477 757 2545 luit,
769 2492 839 2548 oute
850 2479 926 2537 olim
952 2482 1040 2538 uerat

84 2547 120 2611 io
134 2549 309 2613 Pharaone:
328 2549 451 2620 utrique
462 2549 654 2620 propositum
667 2557 750 2617 erat,
765 2550 912 2609 hebreos
922 2551 1035 2609 delere.

15 2670 16 2675 ,
86 2622 150 2681 scd
163 2637 180 2678 a
192 2625 257 2680 Deo
270 2622 336 2693 ipse
348 2634 423 2681 cum
437 2621 503 2678 suis
515 2620 714 2687 deleuerat,
734 2621 953 2680 utaebradianitae
966 2636 1039 2680 enm

15 2702 16 2761 j
89 2706 150 2753 tuo
161 2693 301 2765 principa
313 2693 413 2760 oreb,
432 2701 463 2749 et
475 2691 606 2764 AEgtptii
619 2707 692 2750 cnm
706 2707 778 2762 rege
797 2707 855 2752 sno
867 2694 1036 2751 Pharaone.

124 2765 163 2830 tr)
183 2765 254 2820 Vivit
266 2766 334 2823 deus
347 2774 413 2822 tuus
426 2767 510 2832 Dora,
528 2773 557 2820 et
571 2764 700 2821 sinitris
710 2767 857 2822 Bersabee.
871 2769 965 2824 Amos
978 2774 1049 2822 vlit·

89 2834 146 2899 nlt-
168 2835 356 2895 Exclamano
373 2835 470 2906 impia
490 2836 722 2905 israelitarum,
747 2836 853 2893 titulis
872 2837 935 2893 suis
954 2837 1039 2909 plan-

87 2906 256 2975 dentium,
277 2907 329 2979 qui
341 2907 462 2965 inlisu
480 2914 512 2964 et
523 2906 676 2964 Bersabee
693 2908 909 2965 adorabantur.
930 2908 1040 2966 Bersa-

86 2978 146 3036 bee
167 2979 241 3037 urbs
262 2979 295 3037 in
319 2978 431 3037 linibus
455 2978 542 3047 regni
563 2978 658 3039 lsrael
682 2992 791 3036 vorsus
811 2984 958 3039 Austrum
981 2981 1053 3038 sita⁴

87 3057 163 3108 erat.
181 3055 286 3124 ltaque
298 3049 447 3109 ,landatur
465 3051 513 3107 rio
529 3053 687 3119 bersabee,
710 3065 765 3107 seu
779 3051 986 3124 peregrinatio
1001 3066 1040 3109 eo

89 3131 251 3194 suscepta,
265 3131 371 3194 utpote
382 3122 522 3192 heericu
539 3122 645 3195 imoet
656 3123 880 3193 periculosior,
897 3124 1040 3181 videlicet

15 3224 16 3235 .
89 3207 147 3320 per
158 3209 291 3265 regnum
302 3195 401 3262 toda,
415 3209 497 3266 sepe
509 3195 883 3267 hosticumtquapropter
892 3195 958 3253 uec
969 3209 1039 3266 pro·
1104 3229 1110 3235 -

102 3265 204 3334 ectio,
225 3268 348 3339 quando
360 3266 430 3338 plns
446 3265 575 3324 habehat
593 3267 803 3334 incommodi,
817 3275 902 3324 tanto
912 3266 1039 3337 reiigio-

15 3342 16 3353 ’
91 3336 155 3396 sior
168 3339 205 3395 ab
216 3338 334 3397 insanis
347 3339 516 3398 vitulorum
528 3338 692 3396 clientibus
710 3338 887 3396 ducebatur.
1053 3366 1056 3369 ·

128 3411 270 3469 vinnon.
281 3416 468 3480 interrogate
476 3409 839 3483 qaemttterdeoiatortbur.
851 3410 918 3467 iob.
927 3419 984 3466 xxi
993 3424 1037 3478 sp.
1050 3421 1053 3426 ·

91 3482 230 3550 quemvis
243 3483 405 3552 devulgo,
418 3481 578 3549 detrivi03
596 3497 628 3552 q.
649 3481 677 3537 d.
701 3495 794 3539 nemo
809 3486 934 3539 est'tam
947 3479 1038 3551 vilis,

91 3552 164 3621 quin
180 3553 246 3612 haec
257 3554 416 3624 intelligar.

126 3626 216 3682 vida.
242 3626 369 3683 ioannis
398 3625 543 3696 Baptistae
566 3630 655 3696 pater
679 3624 866 3690 zacharias,
888 3620 1039 3680 >sacerdos

92 3704 158 3757 erat
173 3697 277 3757 derioe
292 3698 373 3773 Adia.
393 3699 466 3757 buc.
485 3707 499 3754 ι
518 3697 545 3753 ⁵.
566 3694 783 3773 sacerdotates,
793 3691 917 3753 ummo
932 3706 1040 3753 nome·
1078 3691 1085 3709 ‘
