2475 4034
176 167 254 284 ,¹38
451 171 656 254 Dniartou
706 170 863 254 Dremtt.

179 304 275 362 isaias
287 311 411 376 utroque
420 301 556 373 imagine
566 292 702 357 fluminis
711 299 889 359 inundantis
898 312 1135 376 praemonstrat,

178 387 240 435 vttr
253 396 268 445 7
283 390 328 448 sq.
352 377 397 430 En
416 382 450 430 ut
462 375 543 430 inter
563 388 596 429 se
608 373 641 428 in
656 373 745 430 unius
764 374 806 429 rei
820 376 920 444 effigie
936 378 1135 447 exprimenda

179 447 368 505 conveniunt
388 442 589 503 disertissimi
622 444 685 501 duo
715 445 938 515 prophetarum
968 450 1110 506 omnium
1122 486 1135 517 ,

179 520 273 576 isaias
297 514 479 587 maiorum,
507 517 628 573 Nahum
654 514 813 574 minorum
834 515 1132 589 eloquentissimus!

179 590 329 648 solatium
342 589 464 646 accedit
478 588 514 645 ab
529 582 632 645 addito
644 586 797 657 vocabulo
805 598 1006 660 praetereunte.
1022 595 1134 659 Breve,

178 662 296 733 inquit,
312 660 371 718 hoc
384 660 536 717 diluvium
549 673 619 717 esse
632 658 750 731 iubebit
761 659 808 726 is,
829 660 882 731 qui
900 674 987 730 spem
1007 676 1137 721 suorum

179 734 264 791 novit
273 741 303 788 et
317 732 444 803 respicit
460 730 568 790 :liniet
579 730 632 786 ille
645 744 700 803 spe
712 729 803 790 citius
816 730 876 789 hoe
892 731 1083 802 periculum,
1105 743 1138 791 et

178 820 240 861 uua
255 811 345 862 nocte
357 802 445 861 vobis
456 803 500 860 ita
514 811 696 872 succurret,
716 809 751 858 ut
765 800 870 860 nullus
889 812 1036 861 aerumnae
1047 804 1136 864 locus

179 876 324 944 surrrersit.

213 950 395 1005 Dluuttott.
418 946 523 1006 Victor
536 945 603 1018 ipse
616 948 691 1002 Deus
708 944 822 1002 locutus
834 952 877 1004 est
894 949 925 1004 in
941 956 1044 1004 sancto
1062 963 1134 1017 suo,

177 1019 198 1075 i.
214 1034 242 1076 e.
261 1018 441 1077 sanctuario
455 1033 535 1087 suo,
556 1018 663 1077 dicens
684 1034 693 1075 t
712 1015 883 1086 Eeuitabo,
902 1029 930 1075 et
950 1021 1074 1076 haidum
1093 1021 1134 1075 Si-

178 1091 321 1159 cltimcm,
332 1100 361 1147 et
373 1092 531 1148 convallem
542 1091 802 1147 tabernaculorum
811 1092 954 1147 dimetiar.
966 1095 1015 1147 Ps.
1029 1103 1098 1150 uvir
1107 1094 1133 1149 8.

177 1165 212 1219 in
225 1165 369 1221 eamdem
383 1161 569 1221 sententiam
590 1162 658 1219 haec
677 1163 790 1234 scripta
812 1163 956 1233 leguntur
973 1166 1020 1220 Ps.
1037 1175 1092 1220 tut
1108 1165 1134 1221 8.

177 1234 323 1292 militaria
337 1242 408 1292 tunt
420 1235 557 1293 dividere
567 1248 604 1291 ac
618 1236 755 1291 dimetiri
772 1252 780 1292 ε
793 1237 962 1307 imperator
975 1237 1060 1292 enim
1073 1236 1136 1293 vic-

177 1306 238 1363 tori
252 1305 402 1364 exercitui
414 1305 561 1363 hostilem
576 1320 685 1375 agrum
693 1307 864 1375 dividebat,
876 1317 907 1365 et
920 1307 1137 1377 possidendam

179 1393 268 1435 suam
282 1378 394 1450 cuique
416 1387 536 1448 partem
556 1377 782 1435 dimetiebatur.
803 1381 966 1447 italicus,
990 1381 1058 1450 ipse
1079 1392 1138 1450 pro

177 1449 294 1506 havide
319 1464 375 1507 suo
393 1459 606 1521 pugnaturus,
623 1451 854 1520 possessiouem
870 1452 900 1507 ei
922 1451 1074 1521 promittit
1089 1451 1138 1508 Si·

178 1521 289 1577 chimae
310 1522 347 1590 li.
362 1536 389 1578 e.
405 1523 498 1579 totius
513 1520 724 1590 samaritidis)
746 1530 777 1577 et
798 1521 886 1581 vallis
910 1523 1063 1591 Suceoth,
1087 1523 1138 1580 vel

176 1593 278 1671 potius
296 1593 446 1666 syceothi
465 1593 559 1651 latine
572 1592 865 1661 tabernaculorum,
884 1593 1045 1650 ubiiacoh
1059 1592 1137 1651 olim

176 1665 375 1725 tabernacula
403 1663 631 1732 collocaverat,
660 1664 855 1741 aliarumque
880 1665 1134 1736 provinciarum,

177 1750 246 1813 quae
259 1736 406 1809 deinceps
419 1744 652 1794 enumerantur.

183 1824 188 1829 ·
212 1810 386 1866 liturarum.
407 1810 527 1867 corona
547 1809 660 1866 domus
679 1808 775 1877 ioab,
796 1815 828 1865 et
845 1808 1000 1865 Dimidium
1017 1808 1135 1879 requie-

178 1880 262 1936 tionis
285 1883 389 1947 Sorai,
408 1881 435 1935 1.
460 1884 527 1936 l‘ar.
545 1886 578 1935 ‘tt
596 1882 650 1948 54,
675 1894 737 1937 non
760 1889 832 1937 sunt
852 1880 1052 1951 appellativa,
1080 1878 1137 1937 sed

176 1953 300 2025 propria
315 1952 441 2009 nomina
455 1994 463 2020 ,
478 1952 613 2009 duorum
631 1966 649 2009 e
668 1959 800 2024 quatuor
813 1952 924 2010 salmae
937 1952 1027 2019 liliis,
1048 1961 1082 2009 ut
1098 1967 1137 2010 ex

176 2030 240 2081 tax
253 2028 344 2094 patet.

210 2095 408 2155 ntmtuuvto.
425 2096 583 2154 loboravit
594 2096 671 2153 diaes
681 2096 1138 2169 incongregationetttbttuatiae,

175 2174 205 2225 et
217 2166 247 2222 in
259 2168 358 2242 requie
377 2185 432 2224 sua
452 2169 610 2239 replebitur
625 2169 707 2226 bonis
726 2171 795 2227 suis.
817 2169 972 2226 haimarit
986 2170 1139 2240 pauperia

174 2239 368 2301 diminutione
382 2242 474 2298 uicttu
483 2278 494 2308 ,
516 2249 545 2296 et
563 2243 594 2297 iu
609 2242 670 2369 [irre
685 2243 766 2314 inops
782 2243 825 2313 lit.
846 2241 938 2300 Eecli.
960 2252 1039 2297 xxxi
1058 2242 1075 2294 i
1091 2255 1137 2314 sq.

176 2311 331 2380 Quinunc
344 2313 429 2370 divus
443 2320 506 2380 est,
520 2310 596 2370 olim
622 2313 782 2380 aburavit,
804 2318 840 2368 ut
856 2327 931 2383 opes
954 2312 1139 2382 colligerett

173 2383 215 2439 ad
224 2390 400 2440 extremum
411 2397 486 2442 vero
496 2384 626 2441 honeste
681 2384 735 2440 rtis
746 2383 860 2441 fruitur
872 2385 1014 2454 quietus,
1027 2393 1059 2440 et
1070 2386 1140 2442 aba·

176 2465 237 2525 que
253 2454 378 2517 avaritia
394 2455 485 2525 genio
503 2455 669 2528 tranquile
688 2455 836 2524 indulget.
861 2458 899 2510 At
920 2469 1039 2525 pauper
1057 2456 1137 2525 iste,

176 2523 230 2596 qui
244 2526 369 2583 sordido
382 2524 554 2586 ditescendi
576 2527 678 2584 studio
699 2527 824 2597 genium
844 2525 1026 2592 defraudat,
1046 2534 1079 2582 et
1096 2541 1140 2585 ne

175 2595 294 2656 victum
308 2598 433 2671 quidem
450 2597 576 2670 corpori
588 2599 727 2670 praebere
744 2597 854 2664 audet,
875 2598 1002 2654 demum
1020 2610 1039 2653 e
1057 2612 1140 2669 pau·

176 2673 297 2739 pertate
310 2671 349 2725 ad
361 2677 531 2740 egestatem
543 2676 574 2727 et
586 2670 723 2741 inopiam
737 2668 925 2726 devolvetur.

212 2740 376 2799 nuntiavo.
394 2743 449 2813 Qui
463 2743 584 2801 dimittit
595 2757 723 2816 aquom,
737 2750 825 2812 caput
842 2740 1090 2813 estjurgiorumt
1107 2749 1138 2805 et

177 2820 336 2886 antequam
356 2815 491 2885 patiatur
513 2815 736 2882 contumetiam,
750 2813 894 2884 iudicium
905 2813 1019 2870 deruit.
1042 2816 1133 2871 Prot.

176 2892 248 2940 xvtt
260 2888 302 2950 rt.
317 2886 404 2943 Siout
423 2890 510 2958 (quae
520 2888 671 2959 particula
679 2884 959 2973 perliebraismum
967 2884 1136 2954 omittitur)

178 2955 233 3026 qul
246 2971 334 3030 aqum
347 2957 432 3016 vlam
446 2956 589 3016 elabendi
602 2967 722 3032 aperit,
737 2959 793 3016 sed
803 2973 873 3015 eam
884 2958 1016 3015 retirrere
1026 2957 1138 3014 deinde

177 3035 211 3084 et
222 3033 367 3086 coercere
382 3030 530 3088 arbitratu
544 3044 601 3089 suo
616 3046 680 3089 non
693 3037 795 3101 potest
816 3046 824 3087 t
846 3031 887 3086 ita
901 3030 953 3101 qui
965 3029 1059 3101 coepit
1074 3029 1137 3100 iur-

177 3098 226 3169 gia
241 3141 250 3166 ‚
268 3115 304 3158 ea
319 3100 409 3157 linire
423 3116 458 3160 uc
471 3100 581 3160 tollere
594 3116 658 3159 non
670 3105 781 3160 eadem
793 3102 937 3160 facilitate
949 3108 1057 3172 potest.
1081 3100 1137 3157 lile

177 3173 271 3242 sapit,
291 3173 344 3244 qui
361 3174 462 3243 potius
474 3173 564 3231 initio
571 3172 732 3302 judicium
745 3175 877 3240 deserit,
897 3189 954 3231 seu
974 3172 1027 3228 lite
1041 3172 1135 3229 absti-

173 3250 261 3377 ngtffi
283 3252 447 3316 antequam
476 3260 526 3302 res
552 3260 569 3302 t
612 3246 847 3304 contentionem
873 3253 905 3302 et
927 3243 1134 3303 contumelias

178 3328 195 3371 a
262 3322 361 3372 catur.

210 3385 350 3443 litonvx.
373 3388 527 3459 sapientia
545 3388 585 3446 de
600 3404 636 3447 se
653 3388 695 3446 ait
712 3404 721 3446 t
741 3393 805 3459 Ego
822 3389 906 3461 quusi
923 3388 1003 3461 fluvii
1016 3387 1131 3471 doma.

176 3455 269 3513 Eccli.
286 3468 386 3516 xxxiv
400 3465 443 3516 tr.
461 3464 587 3531 inepte,
602 3462 656 3532 qui
668 3474 786 3518 nomen
802 3461 862 3516 boc
877 3461 1038 3531 proprium
1050 3458 1135 3515 lluvti

175 3532 344 3594 putavere,
368 3544 442 3587 cum
463 3532 568 3589 nullus
591 3545 631 3590 eo
652 3532 779 3588 nomine
796 3546 929 3601 usquam
952 3529 1133 3600 reperiatur.

177 3595 403 3724 ssggeplrlffium
416 3611 638 3671 groeoumestt
667 3604 750 3659 iussa
772 3616 789 3657 u
808 3602 921 3669 liuvi0;
943 3599 1094 3672 sapientia
1115 3613 1134 3660 t

213 3731 360 3809 ”irrora
377 3741 540 3815 mecum,
557 3741 909 3817 amurmurabant.
925 3753 1135 3816 omitteret·
