2475 4034
301 127 304 135 l
391 40 565 159 beenan.
614 51 776 159 LoQooa.
879 158 884 163 ‚
990 70 1059 164 aii

108 197 241 264 babitus,
262 194 297 253 de
308 193 407 265 ferto,
426 194 460 249 de
480 194 693 261 veritatemi,
713 203 742 252 et
762 202 944 253 testamento.
965 198 1058 258 Eccli.

106 278 165 329 xtr
179 270 212 322 ιδ
226 280 271 337 sq.
291 265 445 337 Erubesce
458 266 550 321 etiam
563 264 660 333 iurari
675 278 782 323 coram
798 264 909 324 incolis
927 267 1006 339 loci,
1028 270 1062 327 in

110 356 171 469 (1:¹10
183 339 303 396 habitas
323 353 331 394 t
349 337 383 394 id
399 335 484 394 enim
501 336 563 406 legi
580 336 638 393 Dei
650 335 823 394 fidelissimi
844 340 876 394 et
895 338 1061 411 justissimi
1090 395 1093 401 .

111 431 128 471 a
152 417 302 469 versatur.
1047 462 1049 467 a

146 485 181 551 il
201 478 413 539 Noninveniri
424 477 537 537 locum.
562 479 706 536 Reducem
718 493 766 534 eos
779 479 816 535 de
827 487 910 536 terra
922 484 1038 557 AEgypti
1048 523 1060 553 ,

109 556 187 612 etde
201 551 325 623 Assyriis
338 551 523 620 congregabo
536 565 582 607 eos
593 580 721 594 -----
738 559 766 607 et
778 567 837 608 oen
849 553 1010 610 invenietur
1021 555 1062 612 els

111 629 200 684 iocos.
216 623 340 683 Zacb.tt
356 641 397 678 ιο.
411 633 475 680 cxx
508 623 651 693 erspicue
672 640 680 678 z
699 630 731 679 et
743 635 806 680 non
820 623 1012 696 relinquetur
1023 640 1063 685 ex

110 697 158 756 eis
170 710 302 754 neonus
316 694 450 766 quidem.
474 638 629 767 (fuotquot
648 693 740 752 electi
757 702 851 764 sunt,
873 695 919 759 ad,
932 711 1063 769 evange·

111 770 190 828 lium
202 781 310 826 omnes
324 766 481 824 accedent.

148 843 310 909 Locusta
334 837 566 923 impinguabitur
588 838 709 895 locuste.
734 836 950 915 Eccle4x1115.
978 842 1063 898 ιιιιιι-

110 920 229 972 mescet
252 916 382 969 ventec-
397 910 510 967 Cicada
534 923 591 981 pro
615 918 723 968 ventre
744 925 752 967 a
772 910 843 981 quia
868 919 935 971 tota
954 912 1063 971 cicada
1085 954 1099 979 ,-

111 992 219 1043 venter
231 991 287 1039 est.
310 984 387 1039 Tota
402 981 468 1043 baec
482 981 685 1039 disertissima
697 981 782 1040 senii
796 981 965 1056 descriptio
977 983 1063 1042 colli·
1110 1021 1112 1025 -

110 1063 200 1128 getur
212 1069 230 1113 a
242 1068 293 1112 me
306 1055 378 1111 voc
396 1055 589 1115 tenebrescet
598 1116 612 1123 ,

146 1130 266 1184 bonon.
290 1129 364 1182 Deus
371 1128 449 1181 Deos
460 1141 540 1182 meus
552 1116 661 1200 respice
671 1123 702 1181 ia
714 1140 763 1181 me
780 1131 791 1181 .·
811 1141 904 1200 quare
920 1141 966 1182 me
982 1128 1063 1184 dere·

109 1198 245 1272 liquisti?
266 1200 402 1269 Longe-:o
415 1192 511 1255 saluts
525 1213 610 1265 mea,
625 1199 714 1254 verbo
734 1198 903 1254 deit'ctomtm
920 1214 1059 1256 meorum

111 1274 160 1328 Ps.
184 1278 241 1327 ιιιιι
249 1286 296 1324 ι
315 1266 476 1326 manifeste
497 1269 564 1326 haec
585 1268 624 1326 de
645 1268 766 1326 christo
787 1269 903 1341 scripta
916 1277 1004 1338 sunt,
1023 1272 1063 1328 eir

110 1341 216 1400 Mattb.
232 1344 321 1397 xxvtt
333 1341 388 1404 bb,
408 1347 440 1397 et
460 1342 554 1398 Marc.
570 1352 613 1398 ιιιι
635 1340 853 1404 bl.'llebraice
873 1357 881 1398 :
900 1341 992 1398 rerba
1006 1358 1060 1399 ru·

110 1413 191 1483 girus
204 1411 276 1469 mei.
292 1411 406 1469 similis
419 1419 467 1471 est
478 1412 616 1469 Christus
629 1411 769 1469 incruce
782 1420 872 1483 capto
885 1410 1062 1471 leoni‘inter·

1 1482 6 1491 '
109 1480 260 1542 irruentia
268 1478 760 1554 venatorum'tela,etsupremum
768 1484 1068 1542 clamoremedenti.:

111 1559 215 1626 Longe
234 1563 338 1612 tamen
360 1570 377 1611 a
397 1554 496 1612 salute
505 1554 602 1613 abest
620 1555 742 1613 clamor
761 1554 813 1613 hic
829 1555 977 1623 Domini,
1001 1571 1061 1615 nec

110 1642 184 1685 eum
195 1625 368 1684 discrimini
383 1627 477 1698 eripit
494 1619 506 1686 ι’
523 1628 615 1699 quia,
636 1640 708 1685 cum
729 1640 786 1698 pro
808 1627 926 1685 delictis
942 1605 1069 1689 nostris?
1092 1628 1096 1637 '

111 1698 330 1771 spoponderit,
348 1712 447 1769 eaque
458 1698 491 1755 in
504 1712 537 1756 se
551 1698 757 1766 transtulerit,
780 1698 911 1756 evadere
922 1712 987 1759 non
1004 1706 1069 1770 po-¹

111 1778 323 1838 testmortem,
332 1769 473 1827 Patris'et
485 1786 540 1828 sua
553 1770 815 1840 ipsiusroluutate
826 1771 883 1830 sibi
893 1770 1060 1828 decretam.

147 1845 309 1911 Locusta.
324 1844 357 1898 bt
370 1843 483 1914 loquele
495 1843 572 1898 enim
585 1842 655 1898 iobii
670 1842 776 1913 (hebr.
790 1855 864 1898 nam
877 1855 933 1911 per
943 1841 1063 1899 irrisio-

110 1928 167 1971 nes
185 1913 322 1984 liuguae)
341 1922 370 1969 et
387 1914 490 1985 tingue
505 1916 601 1970 attera
617 1915 752 1985 loquetur
767 1913 806 1967 od
820 1912 957 1987 poputum
975 1913 1064 1970 istum

110 1987 205 2043 Deus.
227 1988 266 2043 is.
285 1996 390 2042 ιιιιιιιιι
407 2004 447 2042 ιι.
472 1985 619 2042 immittet
637 1982 817 2049 Chaldaeos,
835 1984 976 2056 aquibus
996 1984 1064 2042 irri-

112 2057 283 2125 debimini,
309 2057 381 2126 quia
400 2058 571 2128 peregrinae
589 2056 714 2115 illorum
727 2053 847 2125 «lingue
859 2054 974 2129 ignari.
1000 2058 1063 2115 llos

111 2129 263 2196 audietis,
281 2130 335 2198 qui
346 2128 446 2186 neum
459 2129 567 2185 audire
579 2143 663 2187 utmc
676 2127 833 2184 recusatis.
850 2129 967 2184 Locum
979 2122 1069 2186 hunc'

111 2199 226 2257 Paulus
239 2200 267 2258 1.
282 2201 352 2256 cor.
367 2211 424 2258 ιιι
438 2217 469 2253 ιι
484 2199 619 2271 explicat
630 2201 668 2256 de
680 2198 762 2255 dono
774 2199 973 2269 linguarum,
994 2199 1069 2271 qui-⁴

111 2272 170 2329 ltus
190 2270 319 2342 apostoli
338 2279 444 2340 gentes
460 2284 569 2330 omnes
586 2269 844 2342 alloquebantur:
861 2278 892 2326 et
905 2270 977 2340 quia
994 2277 1069 2332 tum}

110 2356 233 2415 quoque
246 2342 369 2401 liebraei
377 2343 551 2414 pertinaces
561 2354 627 2400 non
640 2340 823 2411 audiebant,
839 2341 980 2403 idetiam
989 2349 1064 2399 tunc

109 2429 306 2488 cum-eorum
318 2414 457 2486 pernicie
469 2414 672 2486 coniunctum
690 2412 756 2471 luit.

146 2490 295 2556 bocboc.
323 2486 474 2557 Expositis
498 2501 515 2542 a
537 2485 668 2544 blicbaea
693 2480 848 2544 horrificis
870 2483 927 2544 Dei
948 2487 1061 2554 minis,

111 2558 278 2629 derepente
306 2557 469 2629 optimates
499 2557 610 2615 domus
639 2555 736 2615 Jacob
758 2572 813 2614 seu
837 2571 983 2630 proceres
1009 2558 1062 2614 lie·

110 2630 267 2689 brreorum
285 2629 473 2700 respondent
488 2645 496 2686 ε
515 2634 553 2688 Ne
567 2629 726 2703 loquamini
743 2630 914 2700 loquentes:
929 2645 987 2685 ποι
998 2630 1064 2685 stit-

109 2702 185 2757 tabit
202 2717 288 2773 super
306 2702 394 2771 istos,
416 2717 475 2759 aton
489 2703 704 2772 comprehendet
722 2703 862 2771 cousinio.
886 2701 976 2758 Miclt.
993 2712 1017 2756 ιι
1033 2704 1060 2756 6.

110 2772 230 2839 Nolite,
249 2773 408 2832 oblichaea
423 2774 587 2843 caeterique
600 2773 782 2844 prophetae,
802 2781 867 2829 tam
885 2771 1015 2829 sollicite
1031 2780 1063 2827 ot

109 2843 256 2902 horrifice
269 2843 353 2916 loqui
370 2862 380 2909 a
398 2859 461 2915 non
474 2840 619 2902 immittet
630 2858 648 2900 e
660 2842 740 2900 coelo
753 2845 835 2900 Deus
853 2844 933 2898 iram
950 2850 981 2897 et
1001 2857 1062 2911 [ιω-

112 2930 184 2974 nam
205 2931 294 2974 suam
315 2932 322 2972 :
346 2930 409 2974 non
431 2915 628 2989 superveniet
650 2913 722 2970 huic
743 2914 858 2985 populo
879 2912 1059 2981 ignominia.

111 2989 218 3046 Nonne
232 2990 278 3058 lv.
295 3002 339 3059 sq.
351 2989 360 3056 l
374 2987 492 3045 infinita
501 2985 625 3056 estejus
638 2984 758 3042 bonitas
769 2987 783 3039 t
796 2983 864 3055 puis
875 2983 980 3041 credat
989 2997 1061 3040 eum

111 3066 290 3185 tamaspera
299 3059 460 3128 cogitaret
475 3058 535 3117 Sed
545 3056 665 3128 reponit
674 3053 932 3139 subitobominus
949 3060 1063 3112 :Nonne

111 3145 163 3185 ver
180 3146 200 3185 o
217 3147 282 3188 meo
302 3132 378 3187 berta
396 3141 466 3188 sunt
483 3144 552 3188 com
566 3143 624 3196 eo,
647 3127 697 3200 qrti
710 3136 789 3184 recte
804 3127 976 3198 grodttur?
997 3126 1061 3181 Ele

112 3203 262 3260 contrarie
271 3204 393 3332 ssgputus
403 3209 566 3271 mamete.
582 3203 689 3258 Nonne
697 3199 799 3265 scitis,
810 3213 861 3254 me
868 3198 983 3254 bonum
994 3195 1063 3267 qul·

111 3272 183 3331 dem
193 3287 262 3333 esse
312 3274 381 3344 nis,
395 3275 450 3334 sed
459 3287 512 3332 ros
521 3271 598 3331 mibi
607 3270 751 3329 inimicos
761 3277 794 3326 et
804 3268 934 3340 injurios
944 3266 1062 3325 luisset

147 3345 187 3423 a)
206 3346 303 3418 toqui
321 3347 361 3403 ad
378 3360 451 3414 cora
467 3346 488 3403 i·
502 3359 530 3404 e
551 3342 715 3402 consolari.
738 3341 820 3399 llutla
839 3340 880 3397 ait
900 3339 940 3398 ad
958 3341 1062 3395 Booes

112 3418 276 3474 camelotos
289 3433 318 3473 es
334 3432 401 3487 ate,
421 3426 450 3474 et
467 3418 581 3474 locutio
596 3431 626 3471 es
644 3415 683 3471 od
702 3427 754 3471 cor
772 3413 883 3470 ancille
898 3420 963 3470 tuce.
982 3407 1064 3492 lietb,

112 3487 194 3557 1113,
218 3489 376 3563 boquimini
391 3489 432 3544 od
446 3504 497 3546 cor
508 3489 675 3545 Jerusalem.
696 3488 734 3542 is.
749 3496 790 3543 ιιι.
807 3501 831 3543 a.
847 3481 1059 3541 consolamini.

111 3560 233 3641 mucor!
243 3562 283 3621 od
300 3574 352 3617 cor
367 3557 512 3631 pessos.
531 3569 558 3616 ιι
574 3559 607 3624 it
623 3555 818 3635 consolabor.
841 3555 896 3682 Ubi
903 3566 966 3683 ²nos
985 3551 1059 3637 legi·
