2475 4034
119 76 126 80 ⁴
190 92 257 144 too
463 78 625 151 Commu.
674 84 860 173 Coruum

176 188 247 274 pas.
260 189 356 250 ‘llecli
372 201 437 250 xxx
449 212 476 263 γε
499 194 694 257 variarunt
717 215 889 270 maerorum
907 203 1136 267 codicumlec-

176 267 296 329 tiones,
310 271 517 337 praeterquam
529 268 612 340 quod
623 272 748 339 asim
761 288 816 329 sae
828 286 932 344 graeco
943 282 975 332 et
987 275 1136 337 hebraico

175 342 264 389 more
281 340 345 391 tam
365 335 403 392 ad
420 337 515 408 patris
524 354 648 411 ,uuam
668 343 860 402 adultorum
878 345 1154 425 vulnerassent,

175 403 285 530 possit.
311 408 424 476 Pater,
444 416 479 466 ut
496 411 607 469 animis
631 413 768 477 liliorum
781 417 949 486 prospiciat
967 459 978 487 ‚
997 419 1047 476 vel
1061 419 1136 493 vipse
1230 434 1231 437 ’

189 476 415 546 enrerulnera,
439 494 539 553 eaque
559 484 691 553 proinde
712 488 807 546 etiam
829 487 966 557 obligare
989 490 1048 548 sihi
1071 506 1135 550 uou

176 544 335 607 dubitabit
367 550 423 607 vel
445 567 454 608 t
474 554 625 613 sauciabit
647 556 721 628 ipse,
737 558 820 619 ultro
840 560 939 628 lilios,
966 561 1000 618 si·
1014 561 1053 620 ad
1068 563 1137 620 ani·

175 629 302 676 morum
324 619 456 680 salutem
482 638 612 684 neeesse
638 630 703 697 sit;
725 639 796 698 aut,
811 632 847 688 si
871 632 996 691 aliunde
1022 631 1135 693 vulnus

176 687 371 762 acceperint,
385 693 418 750 id
432 693 499 765 ipse
511 699 634 759 curabit
644 709 676 759 et
687 701 842 772 obligabit
1129 771 1135 781 ,
1166 768 1168 773 .

212 759 229 817 δ
241 766 251 827 t
270 761 397 833 colligi,
417 780 475 836 pro
487 771 585 827 mori..
596 772 658 828 Viri
669 773 882 831 misericordie
892 776 1074 846 caligantur
1073 814 1131 835 .....

169 835 197 886 'a
208 832 283 902 facie
297 835 374 892 euim
390 838 510 895 matitia
527 842 663 900 collectas
686 854 730 902 est
752 838 861 919 iustus.
882 849 922 902 ls.
939 858 1008 905 uvn
1024 867 1047 905 ι.
1068 850 1136 908 vin
1230 894 1231 911 t

175 902 394 965 misericordes
416 917 448 966 et
465 910 539 981 iusti
556 915 735 973 moriuntur
750 959 760 984 ,
774 934 824 976 <ne
843 917 925 975 mala
945 918 1067 989 publiea
1083 920 1135 976 iu-

176 975 278 1044 tueri,
297 978 453 1054 ueletiam
465 985 579 1042 sentire
597 982 659 1059 ipsi
671 998 832 1058 cogatrtur.
857 990 982 1048 Phrasis
995 991 1025 1049 ei
1035 991 1134 1059 simil·

176 1044 269 1115 lima,
282 1062 342 1120 qua
355 1054 715 1135 morientescougregari
730 1062 776 1117 ad
788 1062 925 1137 populum
937 1078 1025 1118 saum
1049 1063 1135 1121 dice-
1230 1082 1231 1085 ¹

177 1116 290 1175 bantur
302 1140 311 1187 t
324 1130 359 1179 ut
367 1124 524 1185 Abraham
536 1128 692 1190 lientuav
704 1134 721 1184 8
734 1174 743 1200 ‚
757 1139 789 1191 et
799 1133 894 1191 mccl)
908 1135 982 1189 Gen.
998 1145 1076 1190 xcix
1087 1151 1131 1205 ⁹9·

213 1191 357 1260 Cottum.
381 1198 590 1269 sennacherib
603 1218 660 1273 per
671 1204 830 1271 sudeam,
845 1204 1034 1275 rapidissimi
1047 1206 1134 1264 lluvii

177 1258 299 1332 instar,
319 1265 438 1324 leretur
457 1269 622 1340 inundans,
643 1285 672 1332 et
694 1277 841 1344 transiens
864 1292 952 1348 usque
968 1278 1007 1351 ad
1023 1278 1132 1335 collam
1230 1296 1231 1323 1

177 1335 279 1390 veniet.
304 1339 342 1392 ls.
364 1341 474 1396 vl1l8.
506 1344 691 1411 Universum
710 1349 795 1404 enim
814 1346 973 1417 regionem
989 1358 1132 1421 ceperat,

179 1404 247 1462 solo
262 1406 351 1475 regui
363 1410 641 1481 capite,lliarosol
662 1432 730 1485 ma,
751 1427 889 1490 excepto.
1122 1450 1124 1453 ·

213 1479 248 1545 2)
265 1479 429 1538 Denudare
440 1484 539 1555 usque
550 1487 592 1548 ad
602 1434 729 1546 rufium.
744 1492 904 1546 Denudasti
908 1492 1135 1577 fartdameutum

178 1548 241 1675 gos
265 1554 413 1622 usquead
436 1556 550 1629 collant.
576 1560 653 1616 ilsb.
678 1571 718 1617 ιιι
742 1563 783 1618 ιι.
809 1562 959 1619 Funditus
972 1565 1130 1633 ererttsti,

82 1622 87 1631 ·
202 1618 301 1677 'ruisti
312 1634 535 1698 usquequaque
555 1628 684 1689 domum
702 1641 733 1689 et
753 1634 922 1702 potentiam
942 1636 1031 1706 ejus;
1050 1636 1137 1694 Phu-

173 1691 375 1761 ·raonis‚nou
387 1696 698 1761 Nabuchodonosoris
705 1713 764 1781 ,ut
772 1707 894 1763 ostendi
906 1709 979 1765 voc.
990 1707 1130 1764 Christus.

205 1763 413 1836 'Gotttmunu
440 1770 566 1845 collyrio
590 1774 822 1846 tnaage'tocalos
849 1788 942 1851 taos,
972 1788 1006 1835 ιιι
1023 1779 1131 1836 uideas.

178 1834 273 1904 Apoc.
291 1847 330 1892 ιιι
346 1840 387 1904 18,
409 1841 578 1900 Oculorum
594 1847 858 1907 medicamentum
873 1857 940 1919 est,
963 1850 1133 1910 distillatio·

177 1917 253 2032 {trebia
272 1907 445 2051 intulapediens
468 1928 477 1970 t
500 1914 584 1973 unde
599 1916 646 1974 illi
663 1927 694 1975 et
714 1921 942 1991 nomenclatio,
965 1923 1049 1994 quod
1064 1938 1133 1995 pra·

199 1988 275 2033 teat
312 1996 388 2039 aaa.

215 2050 383 2111 cocunea.
399 2056 524 2126 spiritus
536 2026 604 2129 aias
619 2058 694 2130 (liei
711 2065 881 2124 conditoris
899 2065 1060 2134 omnium)
1081 2080 1134 2121 ar·

178 2121 260 2178 natu
272 2125 381 2181 coetos:
402 2137 431 2184 et
445 2131 652 2190 obstetricante
667 2152 759 2192 mauu
779 2137 860 2207 ejas,
881 2138 999 2193 eductus
1020 2146 1063 2194 est
1082 2154 1134 2195 eo·
1230 2139 1231 2161 t

76 2209 78 2213 ¹
179 2192 261 2249 tuter
278 2203 436 2255 tortuosus.
458 2201 523 2258 lob.
539 2215 618 2261 xxvi
638 2207 680 2262 ιδ.
702 2209 777 2276 Quia
793 2210 878 2279 prior
894 2209 1041 2277 versiculi
1059 2225 1132 2280 pars
1194 2210 1231 2247 Ὗ

178 2266 371 2328 mentionem
385 2271 455 2329 coell
468 2272 561 2342 lacit,
576 2276 704 2335 coluber
717 2294 778 2350 quo
801 2295 840 2336 ue
852 2282 993 2337 certatim
1006 2281 1040 2338 in
1052 2281 1133 2341 coelo

179 2337 326 2408 quaesitus
342 2350 398 2404 est.
422 2343 479 2405 iiic
497 2346 581 2403 aiam
601 2348 752 2418 lacteam,
780 2296 832 2407 file
849 2351 1031 2418 zodiacum,
1053 2352 1132 2410 alius

134 2436 144 2449 ·
165 2406 266 2473 ,sidus
280 2411 463 2472 alterutrum
476 2421 628 2487 serpentis
650 2430 704 2478 aut
720 2422 844 2492 hydrae,
864 2421 943 2478 alius
959 2424 1053 2479 etiam
1070 2423 1133 2480 ful-

179 2491 253 2535 men
274 2483 467 2542 existimavit.
492 2488 595 2549 Placet
609 2493 743 2550 lacobus
758 2493 902 2565 Tirinus,
925 2501 1048 2576 quantae
1065 2493 1132 2551 cla·
1156 2566 1161 2575 .

179 2549 278 2612 uitatis
293 2562 324 2610 et
341 2556 518 2628 brevitatis,
545 2570 638 2620 tantae
664 2562 833 2619 sedulitatis
856 2570 889 2619 et
907 2563 1013 2633 judicii
1032 2571 1132 2621 inter·

179 2633 273 2692 pres,
299 2627 373 2697 qui,
400 2629 575 2701 simplicius,
601 2635 717 2705 inquit,
741 2635 939 2705 exponendum
962 2635 1074 2691 videtur
1096 2635 1132 2691 de

179 2697 278 2764 quoois
291 2698 568 2773 eoluirouatarati,
580 2706 708 2763 maxime
718 2706 835 2762 alamno
855 2723 867 2760 .·
888 2706 1130 2791 uadettuldeeas

179 2767 268 2825 tatu
290 2771 469 2843 tutatuta,
491 2791 543 2832 sea
566 2778 716 2834 balenam.
752 2779 830 2835 Cum
855 2793 915 2850 qua
935 2786 1131 2849 expositione
1158 2824 1162 2831 .

178 2836 269 2896 valde
283 2846 436 2903 consentit
452 2847 634 2907 hebraicum
656 2865 664 2906 :
687 2850 832 2908 formarit
849 2865 960 2911 manus
976 2850 1043 2922 ejus
1064 2865 1131 2908 ser-

179 2919 305 2982 pentem
324 2913 498 2987 lubricum‚
520 2921 709 2995 oblongum,
730 2929 868 2980 teretem.
895 2923 982 2991 Quod
1001 2923 1131 2992 Vulgata

179 2983 297 3053 optime
315 2988 414 3045 reddit
431 3006 439 3047 t
454 3006 534 3055 ,uam
548 2995 630 3065 quod
646 2994 737 3053 simul
750 3003 798 3051 est
810 2994 964 3053 lubricum
977 3005 1007 3052 et
1024 2995 1132 3053 oblon-

113 3064 119 3073 ’
180 3067 274 3125 pum,
292 3057 375 3116 idem
393 3069 568 3123 tortuosum
580 3073 628 3121 est
641 3082 697 3122 seu
709 3069 891 3125 flexuosum.
911 3070 957 3124 De
976 3066 1148 3125 malodae-‘

179 3140 291 3197 mone,
311 3146 405 3190 sensu
419 3136 566 3206 mystico,
590 3140 697 3206 magni
710 3139 772 3198 viri
784 3141 960 3210 accipiunt3
985 3140 1040 3196 sed
1060 3155 1133 3198 ver-

180 3197 255 3256 bum
268 3203 386 3270 eduxit,
407 3220 464 3275 pro
479 3209 561 3278 ejecit
579 3225 594 3263 e
609 3212 695 3280 coeio,
709 3211 759 3268 rel
771 3229 808 3267 ea
819 3213 924 3269 animis
932 3212 1133 3295 paenitentiam

176 3273 309 3341 ‘sapalit,
339 3274 483 3341 hebraico
511 3279 588 3339 ronti
611 3297 723 3352 parum
745 3284 912 3354 congruit,
935 3298 968 3339 ru
997 3297 1078 3354 quo,
1097 3290 1133 3340 ut
1173 3299 1182 3313 ’

181 3342 262 3412 dixi,
283 3345 413 3404 habetur
423 3349 580 3420 formavit,
590 3355 713 3479 {terserit
731 3371 742 3409 a
761 3361 948 3427 quapropter
959 3354 1132 3425 intelligen-

75 3432 80 3441 ·
182 3413 256 3471 dum
275 3425 340 3485 est,
359 3421 510 3479 edaciter
523 3424 588 3480 nihi

217 3486 383 3546 conuulso.
405 3496 494 3550 Facta
506 3504 549 3550 est
563 3505 645 3551 terra
657 3512 759 3551 eorum
770 3496 800 3550 ia
810 3491 1014 3553 desolationem
1026 3514 1046 3553 α
1057 3499 1134 3571 facie

182 3552 233 3608 irae
244 3559 389 3617 columbe.
400 3566 461 3620 ter.
477 3577 542 3622 xxv
555 3567 599 3620 58.
611 3568 734 3623 vastata
747 3573 794 3622 est
808 3582 825 3622 a
841 3568 1016 3638 Babyloniis
1033 3585 1041 3625 t
1056 3583 1131 3639 utto

180 3633 253 3681 rum
269 3628 389 3700 insigne
406 3634 550 3695 columba
568 3646 653 3704 erat,
671 3651 708 3695 eo
721 3637 805 3708 quod
817 3639 922 3710 regina
937 3640 1063 3699 illorum
1076 3654 1132 3712 po·
