2475 4034
170 172 246 251 ao8
462 171 602 242 Iuram
645 168 830 241 insinues.

174 308 236 351 aon
247 291 363 364 impleat
373 289 431 348 dies
443 305 510 346 suos
523 306 534 345 .·
546 288 765 361 queniampoer
777 297 894 346 centum
906 303 1054 348 annorum
1064 291 1129 349 mol

174 367 291 433 rietur,
309 373 338 420 et
354 370 489 434 peccator
508 371 625 419 centum
645 377 791 417 annorum
806 362 977 418 maledictus
998 364 1063 422 erit.
1086 367 1126 423 ls'.

175 448 240 495 bxv
253 451 296 492 ao.
315 434 571 503 insomniorum,
592 432 710 492 scilieet
721 446 904 504 paucorum.
930 436 997 491 Non
1019 437 1079 492 erit
1094 435 1129 494 in

176 506 307 567 ecelesia
318 505 528 576 triumphante
541 520 643 576 neque
654 503 841 562 immaturus
851 505 969 573 inians,
984 520 1043 564 nec
1057 505 1129 564 elle·

176 588 226 637 tus
239 585 271 635 et
280 577 398 634 inutilis
412 591 526 643 senen
541 578 596 634 sed
607 590 717 634 omnes
726 577 840 634 maturi
852 584 883 633 et
892 578 1020 647 perfecti
1034 594 1042 635 a
1055 593 1130 636 nam

177 651 231 723 qui
242 648 376 721 pueriles
389 649 572 721 cupiditates
582 648 741 720 etpeceati
753 649 995 718 imprudentiam
1006 650 1043 706 ad
1056 649 1130 707 ulti-

176 736 264 781 mum
276 736 375 792 usque
387 721 633 789 conservaverit,
643 720 738 778 morti
750 728 872 778 aeternre
882 721 1022 778 addictus
1030 721 1063 781 in
1073 722 1130 780 do-

176 793 329 853 micilium
341 793 418 849 illud
436 793 506 850 ritae
518 806 590 849 nont
597 793 783 849 admittetur.

211 869 333 922 lunnttt.
353 868 521 922 lurnnmts.
540 865 727 938 Plerumque
740 864 807 923 haec
820 863 944 920 nomina
959 878 1020 920 uon
1036 864 1129 934 signi·

177 937 271 995 ilcant
279 935 386 994 infelix
393 936 471 993 illud
481 950 518 993 ae
526 944 678 995 aetcruum
689 937 906 994 damnatorum
920 936 1129 1003 rr=gastulum13

178 1007 441 1079 consecutorum,
460 1008 514 1064 ubi
526 1023 661 1079 corpuo;
685 1017 737 1065 aut
754 1007 906 1075 limbum,
930 1007 982 1064 ubi
1002 1008 1128 1078 spiritus

177 1079 313 1139 bominis
327 1080 443 1139 mortui
456 1081 644 1139 servabatur.
657 1080 724 1139 -sic
735 1081 830 1138 iacob
843 1079 1015 1150 patriarcba
1028 1094 1035 1136 ε
1059 1085 1131 1136 Des·

177 1153 317 1221 cendam,
329 1153 445 1225 inquit,
460 1153 501 1209 od
511 1154 603 1223 fibum
613 1166 711 1213 meum
723 1153 826 1229 iqgens
838 1153 867 1207 iu
882 1153 1037 1222 infernum.
1052 1153 1127 1209 (len.

178 1235 291 1283 xxxvl!
307 1226 352 1282 55.
376 1225 544 1292 Dedecetis,
568 1224 733 1301 nitidem,
756 1239 845 1281 conos
862 1240 939 1279 meos
952 1253 1081 1267 ·····
1092 1226 1133 1281 ad

178 1298 296 1367 inseres.
316 1297 391 1354 Gen.
406 1307 475 1353 anu
487 1296 540 1353 ult
555 1304 586 1354 et
603 1302 682 1355 nstv
695 1315 737 1367 aq.
763 1295 876 1355 Tobiae
891 1297 929 1352 de
942 1295 1006 1353 suis
1018 1309 1132 1366 paren-

177 1369 258 1426 tibus
270 1368 288 1440 2:
308 1368 403 1424 Timeo
414 1383 496 1436 ergo,
513 1384 549 1423 ne
566 1370 645 1439 sorte
655 1396 783 1412 -----
800 1369 942 1440 deponam
954 1377 1142 1426 senectutem,

168 1441 297 1496 'iliorum
308 1455 376 1495 cum
388 1440 686 1510 tristitioodinseres.
701 1440 779 1497 Tob.
790 1451 826 1498 vl
841 1442 882 1496 15.
898 1440 956 1497 Job
967 1440 1005 1496 ad
1013 1442 1131 1498 Deum':

180 1511 249 1583 Quis
261 1512 329 1566 mibi
341 1513 393 1568 boc
406 1513 538 1578 tribuat,
562 1523 595 1568 ut
610 1512 641 1566 iu
660 1513 776 1584 interm
790 1521 929 1584 protegor
941 1529 1003 1580 me,
1021 1521 1049 1568 et
1067 1514 1133 1568 obs·

179 1584 287 1639 condas
305 1599 371 1651 roe,
394 1584 484 1640 donee
501 1593 688 1656 pertranseat
705 1584 793 1654 furor
812 1587 904 1641 tous?
922 1584 990 1642 Joh.
1009 1594 1068 1641 xlv
1087 1586 1129 1640 15.

179 1659 283 1727 Neque
295 1655 379 1712 enim
392 1656 580 1713 sanctissimi
597 1656 657 1712 viri
673 1664 727 1713 ant
744 1655 823 1724 sibi,
849 1655 998 1723 consuis,
1015 1657 1133 1714 iniero-

176 1741 251 1785 rum
263 1727 413 1798 supplicia
426 1727 554 1785 ominati
567 1735 648 1784 sunt.
669 1731 774 1803 Neque
786 1728 902 1795 David,
924 1728 1013 1785 adid
1033 1742 1133 1799 usque

179 1809 303 1871 tempus
314 1799 608 1867 innocentissimus,
629 1801 667 1857 de
689 1800 907 1871 damnatorum
926 1812 1053 1858 carcere
1077 1804 1133 1869 (nt

180 1871 359 1930 commatici
380 1872 586 1941 meditantur)
608 1871 661 1929 illa
682 1872 893 1945 pronuntiavit
918 1874 1062 1929 :Dolores
1085 1872 1135 1928 in-

180 1945 256 2016 ferni
268 1944 519 2002 circumdederunt
529 1962 575 2001 me
587 1961 599 2000 .·
611 1954 884 2018 praeoccupauerunt
896 1960 942 2000 me
952 1945 1046 2019 laquei
1054 1959 1134 2001 mer·

181 2019 227 2073 tis.
243 2018 292 2072 Ps.
306 2027 376 2073 xvtt
389 2018 415 2073 6.
436 2021 527 2074 Fures
545 2018 654 2090 inferni
670 2019 919 2075 circumdederunt
930 2032 977 2073 me
994 2034 1005 2072 .·
1025 2029 1135 2090 praeoe—

180 2094 289 2145 aeruat
306 2104 352 2159 roe
367 2090 462 2164 ioqoei
479 2091 592 2147 mertis.
610 2094 638 2147 2.
655 2091 727 2160 neg.
745 2102 816 2148 xxti
827 2089 855 2148 6.
872 2089 944 2158 scd,
964 2098 1000 2147 ut
1016 2088 1136 2149 Psabni

182 2161 306 2229 titulus,
318 2168 464 2234 totusque
477 2163 617 2234 eiusdem
630 2163 804 2220 ethistoriae
814 2168 973 2221 contextus
986 2158 1133 2229 ostendit,

179 2234 289 2290 mortis
302 2240 379 2291 etse
401 2235 480 2293 ulcri
492 2236 603 2293 borror
614 2235 778 2305 ingruebat
790 2235 949 2307 undique,
971 2234 1062 2291 Saule
1081 2247 1136 2290 re-

182 2306 301 2376 giisque
314 2250 494 2364 sateflitibus
510 2306 639 2364 insidias
657 2309 799 2363 exomni
818 2315 904 2378 parte
922 2304 1133 2362 tendentibus.

181 2377 295 2433 Eadem
308 2383 355 2432 est
369 2378 539 2444 sententia,
556 2392 629 2434 cum
645 2377 720 2435 dicit
739 2393 747 2433 t
767 2379 877 2434 Errasti
893 2377 1023 2432 animam
1037 2391 1136 2432 meam

182 2447 294 2515 (vitam
307 2459 429 2516 meam,
443 2462 514 2513 me;
531 2463 620 2505 more
632 2447 795 2517 hebraico)
810 2465 847 2504 ec
859 2449 974 2518 inserrm
986 2447 1131 2517 inferiori.
1214 2502 1218 2511 ,

180 2519 230 2573 Ps.
245 2527 353 2573 cxxxv
369 2518 410 2573 ιδ.
430 2533 449 2575 e
467 2518 627 2589 sepulcro,
650 2519 698 2575 vel
710 2519 826 2587 limbo,
844 2533 917 2590 quae
937 2518 1135 2575 suntbuma-

180 2600 291 2644 narum
304 2600 410 2644 rerum
427 2596 510 2646 meta
526 2589 656 2656 ultima;
678 2597 780 2659 gretes
797 2589 881 2648 enim
899 2589 961 2659 agit
972 2589 1134 2647 liberatori

179 2662 263 2725 lieo,
283 2658 322 2716 ob
335 2658 498 2730 depulsum
510 2661 619 2717 mortis
633 2662 827 2730 periculum,
844 2676 938 2733 quam
955 2661 1013 2719 sibi
1025 2663 1134 2720 hostes

121 2782 125 2791 .
179 2729 348 2788 machinati
359 2741 456 2789 erant.
472 2733 531 2800 Qui
542 2746 619 2790 voce
628 2734 773 2792 hebraica
787 2736 831 2791 uti
844 2735 987 2804 gaudent,
1001 2747 1135 2805 magno-

180 2817 254 2876 pere
264 2811 412 2873 caveant,
430 2819 470 2862 ne
482 2803 633 2861 irridendi
643 2806 693 2862 sui
706 2809 904 2865 occasionem
917 2808 1073 2878 praebeant
1086 2807 1135 2863 di-

180 2876 280 2934 cendo
296 2877 437 2945 sclarola,
459 2877 507 2934 vel
518 2878 630 2949 ‚quod
649 2880 742 2936 etiam
759 2880 847 2951 peius
869 2888 937 2948 est,
962 2879 1132 2947 sebesium,

181 2947 283 3006 media
295 2947 390 3008 brevi.
408 2946 532 3021 Duplici
552 2965 659 3008 errore
679 2950 711 3008 se
730 2951 916 3027 implicant,
937 2953 990 3024 qui
1008 2953 1050 3009 ita
1062 2964 1135 3023 pro-

181 3019 328 3078 nuntiant
348 3038 356 3079 :
377 3037 452 3080 nam
468 3022 613 3080 hebraice
625 3025 733 3080 Selebi
752 3025 870 3082 duabus
889 3024 1013 3097 syllabis
1033 3023 1135 3081 absol-

180 3093 281 3163 vitur,
301 3100 332 3149 et
343 3109 361 3150 o
372 3094 690 3165 naturalongumseu
707 3097 815 3153 eboiem
832 3097 934 3153 habet.

217 3166 251 3233 2)
275 3166 416 3225 lniemus
434 3180 491 3237 pro
508 3167 564 3227 ira.
587 3171 623 3224 ln
643 3168 806 3239 aenigmate
825 3169 1022 3226 salomonico
1041 3172 1130 3225 Pror.

156 3265 160 3274 ·
181 3247 247 3295 xxx
262 3239 293 3292 15
309 3253 354 3311 sq.
376 3238 414 3296 de
426 3240 518 3296 rebus
532 3247 664 3310 quatuor
676 3240 911 3299 insatiabilibus.
927 3244 1103 3315 Exponetur
1116 3256 1133 3296 a

181 3323 234 3369 me
245 3317 345 3367 tolum
357 3312 430 3371 Voc·
445 3312 645 3382 sanguisuga.

216 3382 371 3440 insinno.
393 3383 565 3440 Jerusalem
584 3385 734 3453 infirmato
752 3394 796 3442 est
813 3386 844 3441 in
856 3385 978 3452 bonum,
995 3386 1132 3454 vigorem

181 3463 308 3536 omnem
322 3453 360 3510 ad
374 3455 526 3524 agendum
541 3455 619 3511 bene
634 3456 755 3525 amisit,
775 3469 840 3530 que
851 3458 965 3513 habitat
977 3458 1008 3513 in
1021 3457 1132 3513 errori-

183 3523 346 3592 uuimrbus,
361 3527 431 3596 qnia
444 3535 643 3598 peccatorum
654 3540 784 3588 suorum
796 3529 937 3587 amaritie
948 3530 1048 3586 Deum
1060 3542 1132 3585 exa·

182 3593 327 3652 cerbaria
342 3597 434 3654 Micb
449 3608 463 3654 ι
477 3617 518 3655 m.
696 3648 699 3655 ⁴

216 3663 380 3748 lusitanus.
403 3670 458 3738 Qui
469 3672 857 3743 outemiafirrnusest,otus
865 3673 1129 3729 menducemlom.

182 3737 240 3783 xtv
253 3746 278 3785 a·
301 3736 359 3801 Qut
376 3742 564 3799 conscientia
580 3758 710 3802 erronea
723 3744 892 3813 laborans,
912 3752 998 3803 corto
1018 3757 1132 3813 gruere
