2475 4034
256 131 260 152 ,
354 73 512 139 Conouo.
563 72 778 142 (ἶοιιιιιιιιιιιιι
972 90 1045 173 τις)

130 190 283 249 Conone.
309 188 452 254 Domine,
475 198 507 245 ut
521 196 604 245 screto
619 188 702 246 boote
716 190 875 247 uoluntatis
893 200 950 249 tuo
964 205 1048 252 coro·

93 263 172 319 nosti
187 259 461 330 (circumdedisti,
482 257 626 328 cinxisti)
640 277 701 317 nos.
720 265 769 318 Ps.
791 274 813 320 v
831 264 871 320 ιδ.
888 265 1047 325 concinna

92 332 254 390 translatio
270 346 287 388 a
305 340 393 390 scuto
410 373 418 400 ,
442 331 532 403 cujus
550 333 712 404 proprium
724 341 773 391 est
786 349 900 408 corpus
919 344 1045 408 tegere,

92 405 306 475 damnumque
328 411 477 460 avertere.

95 529 101 540 ,
131 478 270 535 connis.
303 478 338 530 ln
364 475 598 545 incomparabili
626 475 678 533 illa
706 476 915 549 descriptione
936 480 1049 539 excidii

90 547 255 610 Ninivitooi
272 589 280 616 ,
295 547 387 617 'apud
406 545 698 617 eloquentissimum
714 563 732 605 e
748 549 906 621 prophetis
924 559 974 608 ιιιι
988 553 1048 609 mi·

90 620 221 677 naribus
244 618 364 674 Nahum
388 617 503 685 legitur
528 633 535 675 :
561 629 702 677 corruent
730 621 759 677 in
785 636 837 678 cor
890 623 952 680 bns
976 625 1045 682 tuit.

90 691 169 748 nan.
190 699 231 747 ιιι
252 691 279 746 ὅ.
300 688 462 755 chaldaice
482 731 491 756 ,
520 690 744 761 impingantur
765 695 935 753 trucdntos
962 708 1046 754 tuost

91 762 279 891 Vtrlussribus
297 762 465 833 prostrati,
486 762 519 817 in
537 761 613 834 ipsis
634 778 763 821 suorum
779 766 983 826 cadaveribus
992 781 1049 825 ex·

92 834 159 895 sir
198 841 262 890 unt.

94 851 170 974 ιρι)
193 906 312 975 corpus
334 905 454 961 umbrae
478 906 665 977 oppositum.
697 909 733 963 u.
760 906 875 965 Paulus
895 910 934 967 de
959 905 1047 969 iestis

92 977 293 1035 Hebraeorum
317 976 446 1044 diebus,
469 975 610 1049 legisque
624 978 735 1038 veteris
752 978 885 1037 ritibus:
902 993 966 1053 qne
977 991 1048 1038 sont

93 1052 198 1105 umbro
209 1050 401 1119 futurorum,
426 1059 648 1118 conponentem
669 1051 785 1108 Ciristt'.
807 1050 910 1108 Col-11
924 1057 964 1120 ¹7·
988 1056 1049 1110 Ao·

90 1122 177 1191 noua
190 1119 340 1178 illatrant
360 1120 492 1187 umbra,
517 1135 635 1191 corpus
651 1130 698 1178 est
718 1122 859 1179 Christus
881 1137 889 1179 t
908 1123 1018 1181 umbra
1038 1166 1048 1191 ,

92 1207 157 1251 non
169 1187 229 1248 nisi
241 1193 343 1248 tenuis
354 1191 451 1260 figura
462 1200 549 1249 estet
561 1192 664 1254 inanis
677 1208 684 1250 ε
698 1208 812 1266 corpus
821 1194 1049 1265 plenitudinem

92 1263 189 1321 habet
202 1277 239 1319 ac
259 1264 447 1332 dignitatem.
1009 1301 1011 1305 ,

92 1360 96 1368 ·
126 1336 334 1404 Cupencum.
360 1335 480 1390 Jototitio
501 1344 530 1400 et
546 1335 691 1405 jndicinm
714 1342 857 1394 correctio
878 1338 950 1395 tedis
974 1339 1046 1410 ejus.

90 1408 140 1463 Po.
164 1417 242 1465 ιιιιιι
255 1424 279 1463 s.
302 1408 348 1462 Ad
360 1415 499 1463 mentem
523 1409 629 1476 anagni
645 1409 827 1480 Hieronymi
846 1410 950 1468 locum
964 1410 1049 1468 hund

90 1478 122 1534 in
144 1479 294 1535 Psaltcrio
315 1492 387 1535 meo
410 1480 455 1534 sic
476 1479 639 1548 explanavi
662 1497 670 1536 :
695 1482 816 1538 iustitia
842 1489 873 1539 et
895 1482 1048 1554 judicium

91 1550 253 1607 stabiliunt
268 1579 286 1617 ,ι
302 1558 334 1606 et
350 1550 561 1619 aequissimam
581 1553 756 1609 ostendunt·
769 1554 876 1610 sedem
895 1552 973 1626 ejus.

96 1661 100 1668 -
127 1623 335 1686 contuente.
357 1622 414 1698 Qui
430 1637 562 1693 peregre
575 1630 606 1678 te
619 1621 754 1694 bospitio
767 1626 938 1694 acceperit,
956 1625 1056 1696 paulu

91 1702 162 1764 post
182 1693 310 1764 quaesito
329 1693 456 1749 obtentu
471 1735 481 1760 ,
499 1702 530 1749 te
548 1693 685 1762 migrare
707 1695 768 1753 alio
789 1695 914 1765 jubebit.
940 1698 1048 1752 Granio

91 1770 149 1824 iac
165 1765 274 1821 bomini
293 1763 408 1820 babenti
425 1781 542 1820 sensnm
561 1780 572 1818 .·
591 1781 676 1821 corne
695 1766 736 1822 tto
752 1767 856 1822 domus
865 1806 877 1833 ,
898 1769 1049 1839 etintpro·

89 1838 204 1908 perium
221 1837 417 1907 [comatoria.
440 1836 533 1894 Eccli.
553 1847 633 1893 xxlx
649 1783 694 1892 ὅζ.
710 1838 835 1894 llominl
846 1838 972 1896 cordato
986 1847 1049 1900 tom

91 1909 196 1978 graus
206 1918 253 1966 est
265 1907 363 1965 talise
377 1909 470 1964 domo
481 1908 612 1978 ejectio,
633 1924 729 1980 quam
737 1908 869 1966 debitori
879 1910 1049 1981 reprobent

91 1979 138 2038 sio
164 1981 331 2056 ¹creditoris
361 1980 526 2106 pecuniam
551 1980 711 2049 exigentis.
748 1983 882 2051 Uterque
909 1982 1049 2051 anguium·

89 2049 197 2109 nimtae
210 2067 329 2119 morae,
349 2051 359 2107 i
373 2051 401 2118 le
414 2059 448 2107 ut
463 2050 614 2125 molestus
627 2052 763 2124 hospes,
786 2052 845 2109 iste
855 2060 892 2109 ut
903 2063 1049 2112 morosut

89 2138 127 2182 ac
146 2123 281 2181 difficilis
292 2119 423 2180 debitor.
1009 2139 1013 2145 ·

106 2193 109 2202 '
124 2197 324 2256 multumne.
340 2199 379 2251 lle
390 2193 586 2263 contempno,-
602 2194 635 2249 in
647 2193 735 2254 titolo
748 2194 862 2250 Psalmi
872 2206 979 2251 txxlv.
995 2199 1050 2252 l’e·

90 2263 259 2324 citissimus
280 2268 459 2338 linguarum
472 2265 649 2338 priscarum
665 2265 818 2323 (tilbertus
833 2266 1049 2324 Genebrardttt

91 2345 255 2407 autumat,
282 2338 342 2395 hoc
366 2338 462 2395 luisse
482 2336 606 2396 initium
630 2337 695 2395 noti
716 2345 784 2395 tum
804 2337 983 2406 carminis,
1011 2338 1051 2394 ad

89 2411 181 2482 cujus
202 2409 346 2468 modulos
366 2410 526 2466 Psalmum
547 2409 630 2467 bunc
653 2410 811 2470 decantari
831 2418 940 2467 auctor
964 2409 1049 2466 volito

90 2482 176 2539 sicui
192 2482 253 2540 boc
271 2483 377 2541 minus
388 2482 557 2553 probatur,
577 2480 659 2538 dicat
676 2480 767 2550 licet,
786 2481 908 2538 moneri
930 2481 993 2539 hoc
1007 2482 1050 2538 tt·

89 2553 155 2612 tulo
167 2562 332 2611 cantorum
344 2554 538 2624 principem,
559 2554 732 2610 cavendum
745 2565 814 2611 esse
827 2554 860 2609 ln
874 2553 1049 2612 difficiliore

68 2624 149 2686 ‚hoc
180 2626 348 2694 carmine,
378 2626 489 2710 nequis
513 2637 601 2683 error
616 2633 821 2692 ,renuotatem
846 2626 1048 2685 modulorum

92 2706 286 2768 corrumpat.
429 2705 432 2708 ·
1042 2735 1047 2744 ,

124 2772 275 2830 Connuo.
301 2771 399 2824 'lauta
424 2767 602 2837 praedicitur
622 2768 735 2825 fames·
749 2783 785 2827 ac
808 2770 874 2826 sitis
932 2780 965 2826 nt
979 2771 1049 2836 dep-

88 2841 228 2898 ct'cntt'btts
243 2856 318 2913 pone
336 2849 364 2896 et
380 2855 481 2911 oquin
505 2849 631 2896 corrttot
652 2843 848 2914 unusquisqne
863 2811 905 2897 ori
922 2842 1049 2912 fratrent

89 2928 184 2972 suren.
208 2916 257 2968 Ez.
281 2923 315 2968 tt
337 2930 378 2979 ¹7·
397 2914 509 2967 Coram
526 2912 621 2967 fratrc
640 2952 648 2977 ‚
680 2912 753 2968 dum
770 2914 922 2982 potiturus
934 2913 1049 2971 cibum

90 2985 132 3042 ad
150 2998 223 3041 eum
243 2983 384 3048 accedit,
411 2982 580 3040 exhaustus
602 2984 685 3039 lame
701 2983 894 3053 procumbet.

125 3058 335 3116 Coltltuplto.
366 3059 435 3130 ane
454 3055 566 3112 utititas
585 3054 882 3124 insanguineum,
906 3056 975 3110 dum
998 3057 1049 3108 do·

88 3128 196 3190 wando
210 3128 240 3183 in
256 3124 501 3198 corruptionem?
521 3125 853 3200 Nttnonidconfitcbitnr
866 3126 918 3181 titt
933 3126 1024 3194 petitia
1037 3161 1048 3189 ,

89 3210 143 3258 aot
160 3201 346 3256 annuntiabit
364 3199 518 3255 unitatem
533 3198 643 3255 tuom?
660 3197 708 3254 Pa.
727 3209 806 3256 xxix
825 3215 866 3252 ιο.
895 3198 967 3264 Quae
987 3197 1048 3252 nti-

87 3271 160 3331 litas
172 3271 245 3340 tibi,
261 3272 288 3329 si
300 3271 405 3328 hostes
421 3273 576 3341 (quorum
586 3267 730 3328 meniiuit
745 3285 771 3325 v.
788 3285 813 3324 o.
828 3270 837 3336 )
854 3279 959 3324 meum
973 3281 1047 3324 san-

87 3343 217 3413 guinem
233 3344 399 3409 hauriant,
423 3342 450 3397 si
462 3341 522 3398 vita
538 3343 678 3413 primtns
689 3340 811 3397 tumulo
826 3337 945 3396 condar
959 3340 972 3393 ‚0
991 3339 1048 3394 lie·

88 3429 150 3485 quc
166 3414 252 3472 enim
267 3423 463 3471 mortuorum
473 3413 595 3472 cinctus
615 3422 647 3470 te
662 3411 809 3478 laudant,
822 3409 1048 3469 nuttetitatcnt

88 3493 178 3541 tuam
191 3483 370 3555 praedicant.

98 3609 101 3614 .
125 3560 162 3624 21
178 3558 340 3627 corruptio
352 3557 526 3629 emptionis.
549 3559 593 3613 Ne
605 3564 638 3613 tc
651 3555 766 3626 pudeat
781 3557 840 3624 (lle
851 3568 907 3623 pro
917 3553 961 3608 ln's
982 3569 1047 3609 onn-

89 3627 173 3685 nitns
192 3629 389 3699 confundaris
411 3629 505 3686 Eccli.
529 3639 597 3685 xtu
626 3646 648 3681 ι.
676 3627 709 3683 id
727 3628 813 3683 enim
836 3634 944 3691 totum,
963 3624 1049 3686 troad
