2475 4034
172 155 241 239 tois
388 157 653 223 isaaumras.
702 154 891 223 Iucnmoa.

200 276 440 331 marmurae
463 273 535 346 sap.
553 280 604 328 xri
624 270 652 327 o.
674 268 767 328 omni
786 280 845 342 ope
864 265 1036 329 destitutas.
1059 271 1120 334 Lo-

164 359 238 405 cum
257 343 284 401 si
307 344 463 402 desideras
482 384 491 412 ‚
522 350 594 415 pete
611 357 652 401 ex
670 342 746 402 voc.
769 344 1002 401 Sacramentum.

198 420 417 475 lucdunum.
441 416 509 473 Vid.
527 418 648 472 Obidro.

170 524 174 533 ·
198 492 390 547 ircmnnns.
422 487 452 547 1.
484 489 553 544 Par.
578 500 613 545 ru
627 502 682 544 aa.
706 488 825 547 Nomen
847 485 1031 559 proprium,
1053 499 1121 565 non,

164 560 404 637 appellativum
425 568 460 617 ut
476 568 586 618 caetera
605 559 689 617 illius
706 557 862 617 versiculi.

198 635 354 690 incedito.
371 633 711 705 Dumsnperbitimpius,
724 631 890 688 incenditur
900 644 1120 703 paupertconte

161 706 381 777 protenduntur
393 705 424 760 in
436 705 578 772 consitiis,
596 706 699 778 quibus
713 702 955 774 (hellenismus,
970 708 1119 776 proque)

162 778 303 850 cogitant.
331 781 381 839 lis.
413 787 449 833 lx
470 777 520 833 ab.
553 777 656 833 Uritur
683 791 801 849 pauper
828 775 892 831 sive
919 774 1120 845 impatientite

162 858 258 915 astu,
273 848 338 906 sive
349 848 476 906 incertis
492 849 531 906 de
542 850 651 907 Divina
666 846 859 920 prouidentia
869 845 1118 916 suspicionibus,

162 920 387 991 curimprobis
400 921 502 988 bona,
525 921 617 978 bonis
636 920 710 980 uiris
726 919 808 976 mala
821 918 974 976 eueniant.

198 996 398 1050 incubante.
433 994 594 1051 Elementa
626 993 728 1064 prima
752 990 933 1048 crassianae
960 988 1117 1061 religionis

163 1064 295 1136 appellat
309 1066 449 1134 gentium
471 1068 579 1124 doctor
601 1064 795 1122 inclinationis
818 1063 924 1122 carati
943 1076 1115 1121 samonam

162 1138 255 1194 liebr.
270 1148 306 1193 vt
324 1155 345 1192 ι.
360 1138 571 1195 institutiones
585 1137 802 1195 catecheticas.

198 1212 326 1266 lucino.
351 1214 411 1265 Non
428 1225 460 1266 se
480 1210 629 1276 incident,
645 1225 737 1281 neque
757 1207 907 1264 calvitium
923 1208 974 1279 fiet
988 1222 1043 1279 pro
1058 1205 1119 1276 eis,¹

161 1294 219 1352 pro
231 1280 368 1337 Hebraeis
380 1322 389 1348 ,
403 1281 584 1338 catervatim
592 1280 766 1340 trucidatis.
780 1281 842 1337 der.
858 1291 914 1337 xvi
926 1281 953 1335 6.
967 1282 1006 1335 lit
1017 1278 1119 1339 lacer-

161 1362 211 1410 tos
222 1352 375 1418 incidere,
395 1360 428 1408 et
439 1352 577 1411 crinibus
593 1353 711 1411 nudare
724 1360 831 1422 caput,
846 1353 1007 1410 vetabatur
1018 1366 1119 1424 popu-

160 1423 358 1491 luselectus,
373 1425 461 1480 Deua
478 1434 534 1482 xtv
550 1443 573 1480 ι.
594 1440 697 1495 neque
710 1420 794 1483 enim
806 1424 874 1482 bac
886 1423 1039 1482 decebant
1050 1438 1118 1481 cre-

161 1495 269 1554 tientes
276 1494 438 1552 meliorem
450 1495 546 1553 uitam
555 1536 567 1564 ‚
576 1497 719 1566 ipsorum
730 1495 825 1553 etiam
833 1509 1013 1567 corporum.
1028 1496 1119 1553 Multi

159 1576 265 1625 tamen
278 1566 457 1625 Judaeorum
469 1568 553 1625 hune
572 1568 817 1638 alienigenarum
835 1582 959 1626 morem
977 1582 1051 1626 cum
1068 1583 1119 1625 se-

161 1646 333 1713 querentur
349 1680 359 1707 ,
378 1639 517 1713 praedicit
535 1640 686 1698 ieremias
711 1640 798 1706 iore,
822 1647 857 1696 ut
880 1640 1011 1711 profano
1033 1639 1117 1709 ritu,

161 1725 255 1785 quem
278 1710 355 1781 legis
376 1711 550 1769 reverentia
572 1712 717 1773 omittere
738 1710 939 1781 noluissent,
965 1712 1120 1770 abstinere

160 1783 248 1842 inviti
261 1784 328 1855 ipsa
349 1784 497 1843 funerum
510 1784 599 1856 copia
612 1785 702 1856 impii
714 1792 910 1854 cogerentur.

190 1852 1119 1931 nucmcuucrsus.tabiisincircumcisumsemoysesappel

160 1927 227 1995 lat,
250 1931 303 1984 lix.
323 1940 357 1985 vr
378 1946 408 1983 ια
430 1935 461 1985 et
472 1929 521 1986 do.
542 1930 563 1987 i.
580 1946 608 1988 e.
623 1929 828 1998 indisertum,
849 1938 881 1987 et
893 1929 1006 2000 baguae
1018 1931 1119 2000 impe-

161 2001 241 2057 ditae.
267 2000 492 2061 incircumcisa
503 2017 614 2070 mens,
629 2003 734 2071 auris,
748 2015 824 2070 cor,
836 2016 893 2074 per
903 2002 1118 2072 metaphoram

160 2071 322 2139 dicuntur,
337 2075 407 2132 Les.
424 2077 549 2140 xxviii
564 2118 572 2143 ,
585 2079 648 2135 der.
660 2086 696 2131 xa
712 2094 763 2147 ιο,
785 2077 852 2133 Act.
865 2085 915 2134 vu
927 2075 958 2128 51
972 2087 1052 2147 apro
1061 2074 1120 2132 im·

154 2142 285 2217 probis,
305 2144 458 2219 impuris,
473 2154 504 2205 et
516 2162 534 2205 a
546 2146 611 2205 Deo
624 2146 744 2205 alienis.

196 2218 340 2281 incuruo.
368 2221 464 2277 Donec
484 2235 517 2276 as
537 2220 594 2277 iret
617 2220 676 2276 dies
700 2260 711 2289 ‚
743 2228 772 2277 et
796 2220 973 2277 inclinentur
998 2220 1116 2277 umbra.

159 2290 245 2374 caut.
264 2300 291 2346 ιι
310 2309 341 2360 ¹7
362 2297 447 2349 et1v
465 2293 491 2348 6.
512 2237 680 2360 gemmae,
702 2301 731 2349 et
750 2293 878 2364 fugiant.
899 2294 1006 2349 Donec
1025 2291 1119 2349 adve-

157 2369 239 2430 niat,
261 2363 358 2421 donec
371 2376 429 2422 nos
445 2364 525 2423 afflet
537 2364 624 2433 dies,
641 2371 673 2421 et
694 2363 813 2433 fugiant
824 2362 958 2431 umbrae,
975 2376 1013 2420 ac
1023 2362 1118 2435 plene

158 2432 225 2490 dies
237 2434 408 2494 illucescat.
442 2475 444 2481 ,
589 2494 591 2498 ⁴

195 2508 230 2572 i)
250 2507 403 2566 inclinare
415 2498 535 2566 coelos.¹
549 2506 611 2569 All
639 2504 726 2565 orice
739 2504 837 2565 David
855 2501 1115 2565 :bonnacinciina

157 2579 241 2635 caios
256 2589 340 2646 tuos,
358 2580 484 2636 demitte
495 2580 594 2636 nubes
627 2579 748 2647 ecoelo,
767 2578 865 2636 excita
877 2581 1114 2647 tempestatem,
1165 2648 1170 2655 Ι

158 2659 187 2706 et
205 2652 359 2720 descende,
383 2651 574 2708 ostendendo
598 2650 776 2708 bominibus
801 2657 889 2707 tuam
911 2646 1114 2720 potentiam:

157 2733 249 2795 tange
257 2732 382 2792 montes,
397 2720 745 2792 continge'iulminebos
755 2722 937 2780 tuoshostes
946 2718 1114 2791 superbos,

157 2806 187 2853 et
208 2796 423 2868 fumigabunt,
446 2794 479 2850 in
504 2796 627 2852 fumum
647 2794 776 2855 dissolvi
801 2793 959 2864 incipient.
984 2793 1119 2866 Fulgura

159 2869 411 2935 coruscationem,
425 2866 520 2938 injice
536 2875 705 2936 terrorem,
726 2877 754 2924 et
767 2866 915 2940 disipulis
928 2881 975 2922 eos
989 2879 998 2922 t
1018 2866 1118 2923 emitte

157 2943 388 3012 sagiensium,
408 2939 539 2996 fulmina
552 2947 623 3009 tua,
642 2955 769 3011 paenas,
787 2939 920 3009 damna,
942 2948 971 2996 et
993 2946 1116 2994 contur-

158 3015 237 3071 babis
249 3030 306 3071 eos.
326 3017 377 3071 Ps.
393 3014 524 3072 exuuii
538 3028 584 3085 sq.

193 3091 365 3145 tucnuson.
381 3086 553 3143 Transtulit
561 3082 846 3145 Nabuchodonosor
854 3083 996 3156 captivos
1005 3083 1118 3142 teobo-

157 3159 244 3215 niam
257 3172 363 3230 regem
377 3198 386 3226 ‚
406 3167 436 3214 et
446 3158 586 3229 principes
598 3158 660 3227 eJ'us
670 3197 681 3225 ,
694 3167 723 3213 et
735 3159 877 3228 fabrum,
890 3165 919 3214 et
932 3157 1115 3213 inclusorem.

159 3231 221 3286 Jer.
236 3241 316 3288 xxiv
337 3249 360 3286 ι.
379 3230 477 3287 iidem
488 3229 620 3287 traducti
633 3227 823 3300 Babylonem
837 3237 1005 3287 narrantur
1017 3228 1118 3285 denuo

152 3303 221 3358 der.
237 3314 316 3359 xxix
333 3319 368 3369 ας
387 3301 616 3366 videlicetrex‚
638 3301 744 3370 regina
757 3316 832 3358 cum
850 3301 1001 3358 eunuchis
1016 3343 1024 3367 ‚
1038 3302 1118 3371 prin·

161 3376 233 3443 cipes
245 3376 321 3431 icida
332 3385 362 3431 ct
372 3375 551 3439 Jerusalem,
565 3382 594 3427 et
606 3374 706 3443 saber,
721 3382 750 3429 et
762 3374 900 3429 inclusor.
912 3372 1063 3430 Hebraico
1071 3378 1118 3429 est

160 3450 293 3516 ntasge'r,
312 3446 349 3503 ab
362 3447 466 3505 radice
477 3447 589 3516 sager,
603 3445 730 3511 eleusim
753 3454 789 3501 ut
801 3446 929 3511 videas,
943 3459 1012 3501 esse
1025 3456 1118 3501 voca-

160 3515 268 3571 bulum
287 3516 466 3574 fidelissime
487 3530 622 3577 versum.
647 3518 695 3572 lle
714 3531 810 3572 sensu
835 3516 1000 3574 dubitatur.
1020 3515 1117 3572 David

161 3587 283 3642 iiimcbi
293 3588 529 3657 interpretatur,
543 3603 612 3645 esse
627 3587 824 3645 consiliarios
840 3596 872 3644 et
884 3588 1052 3660 sapientes,
1064 3585 1117 3656 aui

162 3654 284 3733 silentio
296 3658 444 3713 claudunt
457 3675 567 3717 arcana
583 3659 643 3716 sibi
656 3659 852 3727 commissa:
875 3661 930 3717 sed
942 3660 1001 3717 boc
1015 3657 1116 3726 rabbi·
1158 3658 1161 3665 ’

162 3736 285 3791 rascum3
302 3735 333 3782 et
353 3742 392 3784 an
404 3729 483 3788 tales
500 3731 559 3788 viri
582 3730 812 3791 collocarentur
835 3747 852 3788 a
874 3731 1117 3815 propbetalpost
