2475 4034
374 156 476 221 Vtro.
524 154 787 221 Vonnnrantus.
980 158 1047 239 Διι

8 294 23 353 p
109 282 180 340 pore
197 281 346 338 magnum
363 265 440 323 illud
456 280 554 337 opus,
575 265 657 337 quod
674 267 873 342 tuumunius
889 283 966 341 opus
982 280 1050 341 est,
1073 269 1077 276 ‘

8 370 39 424 -m,
108 339 316 402 liberationem
329 337 450 408 generis
463 338 591 393 humani
604 352 660 409 per
673 338 827 396 Messinm.
1021 380 1039 407 ,

20 409 24 436 ”
142 414 350 479 V1v0.Quam
373 409 487 465 diutina
510 410 612 465 futura
633 417 715 466 esset
737 409 939 468 hebraeorum
959 412 1053 482 capti·

9 515 20 568 ,2
107 484 198 551 vitas,
214 482 371 552 ingeniose
384 480 524 538 Ezechiel
536 480 700 549 indicavit',
715 480 821 539 dicens
843 497 850 538 :
872 484 1048 551 Qnioendim

8 587 19 642 ,f
78 621 82 630 ¹
107 567 162 611 mm
177 556 276 626 lugeat
288 582 398 596 .....
405 553 486 680 *pazt
498 553 675 637 qnitveadit,
695 553 888 678 abdimum
904 555 1028 694 vmdidgt
1038 571 1051 640 ,ζ

11 632 21 680 ,²
108 643 165 683 non
183 634 363 693 revertetur,
382 633 410 682 et
432 642 451 680 a
479 641 525 680 auc
545 641 576 679 tn
600 633 704 680 eivenit
724 640 756 681 ns
778 636 839 685 atta
862 642 972 682 cortem.
1023 643 1054 683 ur

8 677 22 723 ¹⁶¹
106 695 184 756 hona
195 697 374 763 suavendit‚
386 696 538 753 nedoleat
550 711 557 753 :
569 710 642 753 nam
652 704 683 753 et
693 695 760 753 sine
772 694 949 755 venditione
962 698 1054 755 amis·

8 741 33 859 Ξ,
109 783 196 827 surus
208 770 310 826 omnia
325 775 409 836 erat,
428 768 565 838 rapiente
587 768 685 824 hoste.
712 770 774 826 lieo
797 769 936 839 proderit
954 784 1053 828 annus
1126 799 1131 808 ·
1227 788 1230 805 ⁴

108 841 277 900 sabbaticus
291 841 355 897 sive
368 840 537 909 septimus,
556 853 618 909 qno
631 839 671 897 ad
682 840 896 911 possessiones
907 841 1052 911 pristinas

9 951 17 978 2,
53 919 59 926 '¹
108 914 215 970 reverti
229 911 339 982 cuique
352 925 408 982 per
420 910 521 980 legem
533 909 606 967 licet
627 926 634 968 ε
656 910 727 982 qnia
741 911 800 968 hoc
812 911 889 981 legis
901 913 1054 980 beneficio

9 978 21 1052 ἵ
107 985 151 1041 uti
168 997 261 1040 nemo
276 982 388 1053 poterit
406 981 444 1036 in'
457 980 564 1049 exilio,
588 981 711 1040 etiamsi
726 982 900 1041 venditaret
922 985 984 1041 sint
1001 985 1054 1043 din

8 1039 18 1076 l
108 1054 308 1126 superstites,
330 1060 362 1109 et
384 1053 445 1109 vita
468 1068 541 1110 cum
562 1054 684 1111 caetcris
703 1054 875 1113 viventibus
900 1055 1051 1114 fruantur.

110 1125 182 1185 Vislo
193 1126 269 1181 enim
280 1126 325 1180 xad
339 1139 453 1179 omnem
464 1126 680 1181 multitudinem
695 1126 756 1197 ejas
772 1142 831 1182 non
849 1128 1055 1196 regrediatart

107 1196 1052 1269 risionishuiusveritatemuniversumregnumpersentiscat,

14 1282 16 1302 ³
106 1283 199 1327 nemo
209 1268 333 1338 effugiet
344 1283 351 1325 :
363 1276 391 1323 et
403 1270 449 1325 nir
460 1270 491 1323 in
501 1270 656 1341 iniquitate
666 1269 732 1325 vitm
742 1283 802 1327 sne
810 1286 868 1326 non
878 1272 1055 1342 caesariani·
1108 1272 1116 1288 ‘
1133 1281 1137 1290 “

109 1350 158 1397 tur
167 1357 178 1395 .·
186 1339 290 1397 nullus
300 1338 478 1411 iniquorum
492 1349 554 1397 tam
564 1349 673 1411 potens
682 1342 917 1410 etvalidnserit,
929 1342 1054 1408 utbostl

108 1412 267 1479 resistere,
290 1419 342 1467 aut
352 1412 473 1484 cripere
488 1428 521 1468 se
539 1414 586 1468 his
600 1411 690 1470 malls
708 1414 815 1484 possit.
835 1416 882 1469 ΕΖ.
897 1425 945 1472 vit
960 1429 1018 1472 tas
1040 1428 1052 1473 .'

141 1486 158 1540 i
166 1487 178 1553 l
194 1479 439 1542 Viv'itllominus.
452 1486 711 1541 iurantiumerai.
721 1487 819 1552 Quam
831 1429 1054 1543 verenensi?-

10 1621 13 1632 .
106 1554 158 1611 vit.
169 1556 560 1625 ipsiusattamueinamine
568 1554 813 1626 dictumlegitur.
828 1558 895 1613 Viae
906 1573 975 1628 ega,
984 1558 1054 1615 dicit

10 1646 12 1653 ·
106 1627 1052 1699 beatam;i.e.qaamvereviva.uz.v11,aedeinaapssaepina
1129 1667 1136 1689 s

10 1733 12 1740 ,
141 1698 175 1767 dl
196 1699 269 1757 Vivit
279 1700 433 1765 Dominus,
447 1709 474 1756 et
486 1700 665 1758 nivitaninta
675 1709 737 1755 tna.
752 1701 779 1760 h.
791 1703 863 1768 Reg.
878 1711 905 1756 ιι
915 1717 941 1756 s.
955 1703 1055 1769 Quam

8 1765 11 1800 ²
105 1779 177 1832 tere
188 1773 271 1828 Deus
285 1771 378 1838 vivit,
391 1778 423 1826 et
435 1786 527 1841 attam
542 1779 628 1827 certa
641 1772 754 1841 tuipse
766 1771 853 1829 vivis.

8 1852 11 1926 {
107 1844 176 1970 Vi)
199 1842 409 1967 Sigicviaitnr.
432 1846 472 1899 is.
491 1853 618 1899 xxxam
636 1844 677 1898 ιθ.
700 1841 775 1902 vide
787 1843 881 1915 paulo
894 1851 964 1902 ante
976 1846 1066 1903 voc.-

8 1930 11 1948 ι
129 1922 263 1980 tta,§.

141 1988 246 2057 voco.
271 1988 353 2042 Deus
372 1985 412 2042 ad
430 1985 557 2056 Moysen
578 2004 589 2051 ,·
607 1990 669 2057 ligo
682 1981 832 2046 ostendam
846 2003 930 2044 omne
947 1988 1055 2046 bonam

107 2056 174 2124 tibi,
184 2066 212 2112 et
221 2058 327 2112 vocabo
340 2057 489 2112 innomine
499 2053 614 2112 liontini
626 2074 726 2128 caram
736 2067 773 2114 te,
787 2060 879 2116 Exod.
895 2070 997 2115 ιιιιιιιι
1010 2078 1054 2128 ipa

105 2130 223 2197 legunt
234 2127 375 2184 nonnulli
387 2132 511 2185 vocabor
528 2168 540 2197 ,
559 2129 614 2188 sed
626 2129 695 2185 fons
707 2129 870 2188 hebraicus
883 2139 913 2186 et
925 2142 988 2187 ιιιιι
1004 2145 1056 2190 ac·

105 2199 200 2257 tinam
223 2213 333 2256 vocem
356 2199 477 2256 babent
501 2200 708 2269 Spectandum
732 2201 788 2257 tihi
812 2214 863 2257 me
887 2202 1056 2273 prebens,
1133 2265 1137 2274 ,

104 2271 299 2348 muneboqne
312 2279 361 2339 te,
379 2286 433 2328 me
445 2270 574 2337 adesse:
597 2273 679 2342 quod
697 2271 764 2329 ficri
782 2273 882 2344 potuit
903 2273 1052 2343 dicendo,

106 2343 186 2401 licea
200 2342 370 2410 Dominum
388 2341 457 2411 rel,
474 2344 627 2421 Dominus
639 2344 734 2400 adest.
803 2403 808 2410 ,

143 2418 178 2481 2)
199 2418 380 2473 Vocnaernnt
392 2416 512 2482 nomina
523 2430 578 2471 sna
590 2415 622 2470 in
634 2415 800 2476 tenuissetis.
824 2418 875 2475 Ps.
892 2428 994 2474 ιιιιιιι
1010 2434 1051 2476 ra.

105 2484 169 2541 Viri
181 2486 337 2558 principes
354 2494 385 2544 et
403 2486 542 2558 opulenti
566 2494 664 2544 terras
687 2502 779 2554 snas,
802 2494 833 2546 at
854 2503 922 2559 qnae
942 2489 1056 2548 inillis

105 2557 348 2626 oeffidmrerant,
368 2573 425 2617 suo
443 2559 570 2617 nomine
582 2557 810 2631 insignierunt,
826 2562 1054 2633 perennitatem

105 2629 223 2687 scilicet
236 2631 372 2688 nominis
386 2639 586 2702 aucupantes,

119 2721 121 2725 >
140 2702 482 2760 valencenensium
493 2703 576 2770 noio,
592 2711 621 2759 et
633 2715 692 2760 non
704 2704 886 2775 sacrificinm.
899 2702 1004 2760 Mattb.
1019 2714 1055 2762 ιι

109 2771 160 2840 13,
180 2787 219 2829 ex
236 2773 286 2829 0s.
309 2785 344 2830 vl
364 2774 391 2831 6.
413 2775 494 2832 Malo
511 2774 619 2841 illam,
639 2789 732 2846 quam
751 2775 811 2831 hoe
830 2789 839 2831 t
859 2775 957 2842 magis
976 2774 1051 2843 illa,

105 2843 278 2973 zunmNislto
289 2843 434 2903 delector.
450 2846 561 2916 Figura
575 2847 721 2917 epitasis,
743 2846 860 2918 deque
883 2846 999 2903 dietum
1020 2847 1062 2905 in

131 2930 179 2973 00·
223 2931 279 2972 00·
590 2944 592 2946 ’

142 2990 181 3055 2)
205 2991 239 3043 ln
251 2987 397 3045 mendatis
410 2989 472 3059 ejus
489 2990 564 3045 votat
578 2991 671 3045 nimis.
695 2992 746 3045 Ps.
761 3000 817 3047 cxi
833 2999 855 3044 r.
877 2988 935 3058 Qui
946 2990 1053 3049 Domi-

103 3073 183 3115 num
201 3060 305 3128 timet,
319 3061 390 3132 ejus
402 3061 546 3119 mandata
564 3061 734 3134 plurimum
752 3059 868 3131 diligit,
887 3062 1054 3133 impensis·

104 3131 185 3188 sime
196 3131 234 3189 iis
248 3132 425 3194 delectatur.

140 3203 175 3271 i)
198 3203 309 3262 volare
321 3205 354 3261 in
367 3206 513 3262 humeros
525 3205 781 3263 philisthaeorum.
804 3206 844 3261 Is,
859 3214 893 3261 ιιι
909 3206 950 3271 ιι.
964 3205 1053 3265 invo-

101 3274 214 3331 labant
222 3285 256 3333 nt
264 3277 381 3334 strenui
394 3276 557 3335 bellatores
569 3279 602 3335 in
615 3278 769 3336 cervicem
779 3284 809 3334 et
819 3277 965 3335 humeros
981 3278 1053 3334 Pht,

101 3346 320 3417 listhinorum,
339 3350 391 3420 qui
405 3350 444 3405 ad
461 3364 548 3406 mare
560 3350 706 3406 habitant.
731 3347 947 3421 Apostolorum
960 3359 1053 3419 cxpe-

101 3417 237 3476 ditiones
253 3428 285 3476 et
304 3420 441 3478 victoriae
459 3427 515 3492 per
532 3435 642 3478 omnes
661 3428 767 3491 gentes
785 3435 823 3477 ea
844 3419 913 3478 loco
935 3432 1052 3477 memo·

100 3497 410 3575 rantur,earumque
418 3492 575 3552 nonnulle
584 3492 720 3551 Hebraeis
730 3491 1060 3564 notioresapropheta⁵

99 3571 330 3622 nominantur.-

139 3633 383 3694 Volumnius
408 3638 580 3695 Voluntaria
597 3638 656 3693 oris
668 3637 725 3693 mei
737 3636 911 3706 beneplacita
929 3635 978 3704 fae
993 3633 1053 3687 Do-

97 3704 387 3766 mine.Ps.dxvt11
408 3711 467 3765 soii.
490 3709 644 3767 Benevola
657 3710 781 3779 accipe,
794 3721 867 3778 nuta
891 3719 925 3763 os
946 3716 1052 3760 meum

95 3776 159 3835 tibi
180 3786 288 3849 sponte
302 3780 392 3838 alleri
411 3796 418 3837 :
440 3780 583 3851 placeant
595 3780 656 3838 tlbi
671 3779 778 3840 leudes
789 3791 888 3845 mete,
906 3782 994 3846 vota,
1015 3787 1050 3829 aa

94 3849 154 3921 pia
168 3849 321 3909 desideria
333 3852 434 3909 verbis
447 3852 575 3923 prolati.
