2475 4034
66 270 71 279 Ι
422 186 599 257 lunanu-
631 189 776 261 Inrruto.
1011 217 1078 269 sor

162 304 308 363 111010.
331 301 387 374 Qui
407 301 678 374 immolationem,
703 308 788 381 quasi
807 308 858 382 qui
871 309 1085 382 interficiatur·-

14 384 20 393 ·
122 392 203 433 rum.
224 379 263 433 is.
278 386 356 435 cm
375 375 401 431 δ.
421 374 453 433 Si
469 375 612 435 immolet
631 379 749 450 absque
761 381 925 439 virtutibus
944 396 1084 444 camme·

123 447 255 507 moratis
267 462 297 504 v.
316 464 349 514 a,
360 446 428 504 sine
438 447 550 517 quibus
563 450 630 507 lico
643 451 767 522 placere
779 452 873 510 homo
885 466 948 511 nau
960 462 1061 526 potest
1073 474 1083 516 z

123 518 317 648 isacritrlcium
333 532 421 591 aequc
433 519 493 577 erit
507 519 617 578 inutile
633 561 642 589 ,
668 537 705 580 ac
724 524 751 580 si
764 523 907 583 iiolorho
922 525 1083 588 hominem

137 603 224 649 mmo
237 598 278 646 et.

162 665 308 721 inrubuit.
332 666 390 719 Pro
402 662 463 730 nis,
485 662 535 736 qui
547 664 802 737 immutabuntur,
821 669 855 725 in
867 667 957 727 titulo
968 669 1084 730 Psalmi

122 744 195 803 uix,
213 733 387 803 Hebraico,
408 751 463 807 pra
480 737 690 805 manciaria,
712 746 747 796 ut
765 754 807 797 sae
828 740 876 798 ius
892 741 925 797 in
945 741 1084 801 Psalmo·

123 804 370 891 rumtreatibulo
391 806 592 893 numiuantur
613 809 766 868 destinata
787 754 848 868 niis
875 811 1083 877 instrumenta

121 889 266 948 musica,
291 885 523 941 etnamrnaum
542 879 755 940 hexachordos
773 882 862 942 initio
886 885 1083 945 Psalmurum

123 949 262 1008 hebraici
286 950 403 1008 ordinis
423 963 508 1020 xcv,
533 962 610 1010 ιω
631 994 640 1020 ,
668 960 701 1010 et
721 966 816 1013 cxix.
843 957 932 1025 Quod
952 959 1081 1016 Patrum

124 1021 220 1093 aliqui
237 1035 292 1080 eos
307 1022 500 1093 intelligunt,
519 1025 570 1095 qui
583 1026 818 1083 immutabuntur
832 1027 863 1082 in
881 1028 958 1084 rituti
975 1030 1081 1088 crucis

122 1095 363 1164 inscriptionem,
383 1103 415 1153 ei
432 1096 470 1152 ml
486 1096 599 1153 Christi
614 1097 780 1155 doctrinam
794 1098 994 1170 transibunt,
1014 1114 1080 1161 nou

122 1165 277 1235 litterale,
297 1165 354 1224 sed
370 1168 537 1238 mysticum
551 1177 621 1226 est.

159 1239 195 1306 2)
213 1240 383 1297 immutare
400 1239 520 1298 cedros.
544 1244 717 1315 Synmnaros
736 1241 942 1312 succiderunt,
967 1243 1018 1300 sert
1035 1259 1080 1301 ce·

123 1311 194 1367 ciras
216 1312 443 1369 immutabimus.
470 1315 510 1373 is.
531 1323 566 1373 ut
588 1333 631 1370 10.
656 1318 717 1372 Pro
739 1316 904 1384 domibus,
975 1329 1002 1374 ω
1024 1314 1080 1373 rili

122 1383 254 1513 maceria
267 1390 393 1443 structu
404 1392 515 1453 erant,
537 1385 638 1445 multu
649 1386 882 1460 prebbsioreae
960 1400 994 1446 ro
1006 1387 1079 1446 aedi·

135 1469 183 1513 rca
205 1466 300 1513 rmus.
810 1482 813 1487 ·

140 1530 398 1586 -litessnrsscwn
424 1529 629 1601 imperfectum
644 1547 740 1589 mrum
758 1532 895 1590 uiderunt
910 1532 987 1590 oculi
1010 1533 1077 1601 tui,

122 1608 151 1656 et
168 1600 199 1656 in
221 1600 296 1657 libra
315 1609 367 1656 tuo
384 1616 483 1658 amnes
500 1603 694 1660 scribentur:
716 1605 773 1660 aies
792 1605 1027 1675 formabuntur,
1049 1614 1080 1661 et

122 1686 207 1728 neum
219 1672 250 1728 in
262 1674 311 1729 eis.
331 1675 379 1730 Ps.
395 1684 543 1731 cxxxvul
559 1678 601 1731 ιθ.
620 1675 706 1735 Oculi
720 1676 766 1732 tui
780 1692 831 1734 me
844 1677 988 1735 viderunt
1000 1688 1081 1733 nun·

123 1745 199 1801 dum
216 1743 249 1801 in
269 1745 377 1803 matria
397 1752 484 1803 utero
500 1749 682 1817 perlectum.
710 1749 746 1803 ln
763 1746 843 1805 libro
863 1747 1000 1804 scientiae
1018 1754 1081 1804 tute

123 1815 229 1886 scripti
249 1825 321 1874 sunt
333 1817 398 1874 dies
411 1831 520 1875 amnes
535 1859 544 1885 ,
567 1819 679 1890 quibus
692 1819 823 1902 quisque
839 1818 1003 1876 bominum
1015 1818 1081 1876 ior·

122 1894 248 1956 matur,
268 1903 327 1947 nec
340 1888 422 1946 ullus
435 1903 545 1946 corum
563 1893 687 1948 dierum
700 1905 732 1945 in
746 1889 875 1947 hoctun
886 1888 968 1948 libro
979 1889 1077 1947 deest.

158 1963 330 2019 minabo.
352 1962 460 2019 Morbo
473 1972 635 2033 correptus
649 2003 658 2029 ‚
678 1963 717 2017 aa
728 1961 920 2029 suavitatem,
931 1972 960 2018 et
972 1976 1079 2017 mema-

121 2032 199 2089 riam
220 2033 415 2105 similaginis,
436 2042 465 2090 et
486 2034 639 2105 impingua
662 2034 858 2101 oblationem,
883 2042 912 2090 et
928 2035 966 2091 aa
983 2034 1080 2091 iocum

121 2106 239 2163 rustica
253 2106 345 2163 Eucti.
361 2115 489 2165 xxxviii
502 2123 543 2161 n.
555 2110 715 2164 Memento
727 2106 841 2165 oticrre
855 2106 920 2163 lieo
931 2106 1022 2173 thus,
1038 2105 1080 2162 st·

120 2176 244 2246 milam,
260 2184 292 2234 et
302 2178 450 2249 pinguem
463 2177 598 2235 bustiam
615 2194 623 2235 :
643 2187 712 2235 tum
724 2188 755 2234 et
767 2177 925 2236 medicum
937 2176 1076 2234 consule.

156 2252 316 2307 luebunt).
332 2256 394 2307 Non
406 2250 513 2306 diceris
524 2267 535 2305 r
547 2255 603 2306 Per
614 2255 706 2306 Deum
720 2252 821 2308 abest:
833 2262 899 2321 quoe
909 2249 984 2306 eninr
997 2249 1078 2316 adit,

122 2337 159 2377 ue
166 2323 279 2450 [abab.
299 2326 360 2379 Nan
373 2323 452 2379 dicas
466 2339 476 2377 .·
490 2323 540 2379 lite
550 2339 597 2380 me
609 2322 791 2393 implanavit.
814 2318 907 2379 Eccli.
923 2332 966 2378 xv
982 2337 1012 2373 11
1027 2333 1085 2398 sq„

121 2396 166 2452 No
177 2395 188 2451 i
199 2393 325 2466 culpam
338 2394 372 2452 in
385 2398 485 2453 Deum
501 2394 650 2466 rejicere,
670 2394 697 2451 si
715 2410 788 2454 vera
802 2392 953 2465 sapientia
965 2405 1055 2451 cares
1066 2409 1084 2459 ς·

121 2467 178 2525 scd
188 2466 221 2524 in
233 2475 287 2525 tua
297 2476 447 2539 peccata:
461 2466 608 2536 sienim,
631 2474 699 2538 quae
713 2468 767 2524 ille
779 2467 863 2535 odit,
887 2478 951 2525 non
964 2478 1078 2537 perpe-

120 2538 277 2607 traveris,
302 2554 339 2596 ea
357 2539 448 2597 facile
469 2539 606 2611 potieris.
630 2541 711 2598 Cave
730 2540 815 2598 dicas
836 2555 845 2597 ε
868 2540 952 2597 Deus
973 2536 1080 2596 mein

121 2624 262 2668 errorem
278 2611 413 2669 induxit·
681 2632 686 2641 ¹

156 2686 292 2742 Iuenna.
318 2687 427 2744 Manus
449 2683 608 2756 implere,
640 2684 777 2744 nenraeis
800 2692 848 2743 est
868 2694 1076 2750 consecrare,

121 2750 326 2824 inaugurare,
340 2756 513 2816 sacerdotia
525 2757 664 2825 initiare,
677 2756 869 2827 imponendo
884 2756 958 2814 novi
974 2766 1078 2811 sacer-

123 2826 202 2884 dotis
215 2829 379 2897 manibus,
402 2844 470 2900 quae
482 2832 547 2887 Deo
562 2830 677 2887 offerat
701 2832 847 2898 luemque
860 2826 995 2899 implendi
1005 2838 1080 2882 vcr-

120 2898 198 2957 bum
215 2899 361 2965 hebraica
379 2896 473 2960 Exuit.
497 2902 658 2969 xxvrrrqr.
678 2907 710 2955 et
724 2910 855 2968 xx1x9‚
872 2914 928 2963 αα,
948 2897 1004 2964 26,
1022 2911 1075 2963 27,

121 2970 176 3039 δι,
198 2979 228 3029 et
240 2972 275 3027 55
287 2972 419 3040 habent,
439 2974 493 3029 ubi
502 2973 631 3040 vulpam
644 2971 740 3027 utitur
752 2969 855 3026 verbis
868 2967 1077 3031 consecrandi,

121 3042 276 3112 initiandi,
295 3046 530 3103 consecrationis.
551 3045 645 3101 sicet
660 3042 692 3098 in
708 3042 817 3098 Micboe
833 3039 961 3096 historia
974 3038 1074 3094 tunic.
1161 3066 1165 3073 ν

120 3126 192 3173 xvii
213 3133 244 3170 ru
263 3119 380 3188 impiere
397 3122 502 3173 manas
521 3116 669 3182 nonest,
696 3121 731 3170 ut
750 3111 876 3183 quidam
894 3117 1075 3176 autumant,

121 3188 200 3247 datis
213 3190 353 3259 pecuniis
366 3188 491 3249 allicere
503 3184 682 3255 hominem,
704 3185 760 3242 sed
771 3194 960 3240 consecrare
970 3193 1080 3237 sacer·-

121 3261 225 3318 dutem
237 3261 405 3320 simulacri.
428 3260 504 3318 Tale
517 3269 547 3317 et
561 3259 642 3317 iliud
656 3274 664 3316 ε
683 3258 849 3340 Quicunque
864 3254 1001 3337 potebat,
1020 3251 1077 3306 irn-

119 3333 216 3404 piebat
227 3349 349 3390 manum
360 3349 466 3400 suam,
489 3332 668 3389 initiabatur
681 3372 690 3395 ‚
714 3343 770 3385 seu
782 3325 923 3383 mutabat
935 3337 1002 3396 ipse
1022 3338 1074 3383 se,

120 3413 150 3461 et
167 3405 254 3476 tiebat
273 3406 407 3463 sacerdos
429 3406 616 3461 excelsorum.
637 3401 664 3459 3.
681 3404 753 3470 lieg.
777 3409 838 3457 x111
855 3398 898 3454 55.
920 3399 1010 3454 Hunc
1030 3394 1078 3451 lo-

121 3477 236 3548 quendi
248 3479 377 3535 modum
391 3476 429 3533 nd
442 3476 539 3534 altare
552 3475 655 3545 ipsum
666 3471 826 3530 transferri
839 3477 947 3541 putant
961 3465 1075 3538 aliqui,

120 3547 308 3608 ubidicitur
327 3565 336 3607 t
355 3549 520 3622 Expiabunt
541 3549 660 3614 attare,
682 3555 711 3601 et
730 3545 913 3601 mandabunt
931 3540 1003 3599 iilud
1015 3555 1025 3593 :
1047 3549 1078 3595 et

121 3620 278 3691 implebunt
294 3636 415 3678 manum
433 3622 503 3706 ejus.
527 3623 576 3677 liz.
597 3628 678 3676 xutu
693 3618 736 3673 nii.
759 3617 819 3698 seri
835 3614 914 3700 nibil
931 3619 1018 3696 vetat
1027 3625 1076 3668 ac·

121 3691 226 3764 cipere
240 3706 335 3751 sensu
347 3707 475 3764 proprio
487 3694 525 3749 de
538 3689 747 3750 sacerdotibus
764 3702 868 3758 repas,
887 3702 908 3742 ι.
923 3699 949 3745 c
966 3697 1076 3741 umus·

122 3765 274 3838 cujusque
285 3778 325 3823 cx
337 3764 545 3823 sacerdotibus
560 3802 568 3832 ,
584 3761 745 3834 dequibus
758 3758 881 3820 locutus
894 3763 983 3860 crat,
997 3766 1074 3826 pru·
