2475 4034
200 150 276 223 xta·
418 126 648 202 ‘lamancroi
694 128 908 198 Inrnnnodo

220 252 440 311 lrtrxnrmto.
460 245 608 318 Praecipiet
623 260 709 318 super
728 255 757 302 te
775 244 935 313 Donamus,
955 238 1158 323 non'seminassg

200 323 325 381 biturca
336 321 450 376 nonnae
462 318 513 375 tuo
526 317 650 390 amptius
672 333 684 372 .·
702 318 737 372 tie
749 317 834 373 mmo
847 317 891 373 dei
904 316 948 374 tui
959 318 1154 388 interficiam,

199 393 330 465 acmptiie
340 400 369 449 et
380 388 641 463 conflatilepanam
653 392 816 460 scamarum
830 399 931 458 tuum,
950 391 1019 462 quia
1032 392 1156 447 inbono-

200 474 288 522 ratas
299 480 339 521 es.
360 464 433 520 itali.
450 473 462 517 1
481 462 522 526 aa.
538 464 612 519 Post
622 469 746 531 turpem
760 462 868 531 lugam
877 495 888 528 ,
902 474 921 518 o
933 461 1154 530 Sennacheriln

198 536 289 597 nulla
298 549 378 593 nova
391 542 536 604 suscepta
547 532 655 603 prole,
676 546 733 602 per
750 530 857 603 ipsum
878 533 927 587 dei
945 533 991 588 tui
1006 534 1153 601 illesroch,

202 608 319 667 cultum
329 607 362 662 in
371 606 438 675 ejus
447 605 561 675 templo
571 603 767 661 interficieris
782 619 792 660 :-
803 618 862 660 nec
874 603 970 658 aliurn
980 604 1153 674 tumulum,

201 693 295 752 qnam
307 677 540 736 circumstantia
554 676 683 733 deorum
697 674 863 735 simulacra
879 675 1022 743 habebis,
1039 676 1155 748 absque

202 763 349 822 supremo
363 748 497 818 sepulcri
511 748 630 805 honore
642 747 757 818 jacens.

236 826 430 880 luanntonn.
458 821 514 893 Qui
524 821 597 891 facit
606 821 767 875 Arcturum
775 851 786 885 ,
798 827 825 875 et
839 817 966 888 Oriona,
981 827 1010 874 et
1019 819 1138 890 Hyadas
1143 846 1171 889 ,ι

202 902 231 950 et
243 893 386 953 interiora
397 893 506 949 Austri.
522 891 590 948 iol).
601 902 669 961 lxp.
684 894 838 947 Postnota
849 889 943 947 ctiam
955 891 1044 947 nobis
1055 899 1155 961 astra,
1174 940 1179 951 .
1236 925 1238 954 ι

202 966 305 1024 sidera
318 962 458 1023 nominat
469 962 647 1021 adalternm
656 963 763 1035 polum
770 962 943 1031 vergentia,
958 977 1025 1032 qrrae
1037 970 1168 1035 antero„

203 1037 401 1102 andraeam,
415 1036 515 1094 oculis
527 1035 642 1092 nostris
653 1034 813 1093 'subducta
825 1035 943 1090 Eodem
958 1033 1051 1090 morlo
1061 1047 1157 1106 oppo-

203 1109 289 1167 nitur
302 1111 501 1166 llrcturoseu
513 1106 611 1178 plagae
623 1105 855 1178 septentrionali
868 1106 936 1162 ioh.
951 1115 1066 1162 xxxvn
1078 1122 1104 1176 9.

238 1182 426 1239 lalliltll‘lls.
446 1181 546 1251 iniiam
564 1187 634 1235 aaut
646 1187 747 1250 gentes
767 1178 798 1232 in
813 1177 956 1243 interitu,
979 1193 1064 1249 quem
1083 1180 1159 1250 fece·

204 1260 285 1309 runt.
313 1255 365 1308 Ps.
386 1260 422 1308 lx
448 1252 491 1307 16.-
513 1250 684 1317 llebrnice,
711 1249 745 1306 ln
767 1249 864 1306 lovea.
888 1248 1010 1305 lnimici
1034 1249 1157 1306 foveam

203 1322 283 1381 mini
293 1321 453 1394 perdendo
461 1323 605 1380 foderunt
615 1357 626 1390 a
635 1329 666 1377 et
679 1335 759 1392 aqna
771 1334 924 1391 coenoqtm
932 1319 1158 1392 impleverunt;

203 1396 236 1453 in
245 1394 387 1451 eamdem
400 1407 475 1451 vcro
486 1393 545 1464 ipsi
557 1405 614 1465 pro
626 1407 678 1450 me
691 1401 897 1460 corruerunt,
915 1406 974 1450 neo
988 1406 1075 1464 aquae
1087 1399 1159 1450 tan-

204 1475 270 1522 tum
282 1465 441 1533 immersi,
462 1465 516 1522 sed
529 1464 561 1520 in
574 1464 649 1521 limo
662 1465 730 1534 ipso
744 1463 803 1520 den
826 1463 832 1475 '
848 1471 928 1520 sunt

239 1540 433 1594 lanternas.
448 1535 558 1607 Populi
570 1535 661 1593 electi
671 1537 749 1593 duos
759 1535 822 1593 inte
839 1544 942 1606 protes
959 1537 998 1592 is.
1015 1543 1098 1593 xnlll
1111 1553 1157 1606 27.

206 1623 275 1667 esse
287 1611 416 1680 Moysen
435 1615 468 1665 et
479 1610 650 1676 Aaronem,
664 1607 731 1664 dixi
741 1607 774 1664 in
786 1607 853 1680 ejus
865 1606 928 1666 loci
942 1606 1158 1679 explanatione

206 1692 276 1739 voc.
293 1679 480 1736 contamina·

241 1756 508 1810 lanunnotinrloa
527 1754 561 1808 in
573 1750 800 1823 cogitationibus
812 1750 888 1808 enim
900 1750 980 1824 impii
991 1750 1159 1823 interroga·

207 1824 250 1880 tio
262 1826 328 1881 erit.
345 1827 414 1894 Sap.
430 1836 481 1895 19.
505 1826 644 1897 inquiret
654 1824 687 1880 in
699 1823 769 1880 illas
780 1824 948 1890 Dominus,
969 1821 1020 1879 cni
1033 1836 1160 1895 respon·

208 1896 282 1953 (lere
293 1896 409 1967 impius
421 1903 556 1967 cogetur.
577 1899 677 1966 Lange
690 1896 768 1951 enim
785 1905 828 1951 est
849 1904 1052 1953 testamentum
1062 1911 1083 1950 a
1094 1895 1160 1967 qui-

207 1968 350 2035 busdam,
370 1977 398 2022 et
420 1968 625 2039 interrogatio»
638 1968 768 2025 amnium
789 1968 819 2023 in
840 1967 1090 2023 consummatione
1105 1975 1157 2022 est.

205 2038 298 2099 Eccll.
314 2049 370 2096 le
381 2055 425 2095 aa.
446 2040 579 2109 Quidam
590 2038 683 2110 longe
696 2040 806 2098 absunt
824 2052 841 2094 a
859 2037 927 2123 lege
943 2036 1052 2095 Divina
1072 2053 1082 2094 x
1102 2038 1158 2095 scd

207 2111 407 2183 exquirentur
419 2111 541 2180 omnia,
554 2126 629 2169 cum
643 2109 790 2169 articulus
808 2118 919 2167 mortis
935 2116 967 2165 et
984 2108 1090 2177 iudicii
1107 2110 1159 2166 atl-

206 2182 334 2241 venerit.
354 2184 422 2240 Filii
430 2191 516 2240 extra
526 2183 760 2241 matrimonium
769 2183 833 2238 nati
846 2191 931 2237 testes
944 2190 1014 2235 sant
1023 2181 1159 2265 nequitie

206 2255 345 2313 aduersae
355 2264 492 2326 parentes
504 2255 535 2310 in
547 2254 780 2324 interrogatione
794 2267 858 2310 sua.
882 2256 952 2324 Sap.
974 2262 1008 2308 lv
1020 2253 1047 2309 6.
1062 2267 1097 2308 ιιι
1108 2251 1160 2324 ju·

207 2324 290 2385 dicio
300 2326 431 2392 Divinoa
451 2327 516 2383 imo
528 2332 559 2381 et
570 2326 716 2383 humano.

243 2399 276 2464 al
291 2396 717 2465 Conscientiaeinterrogatio.
732 2394 830 2451 saluos
842 2393 915 2465 facit
926 2391 1090 2478 baptisma,
1100 2409 1160 2451 non

207 2467 304 2523 carnis
317 2467 454 2534 depositio
465 2468 613 2534 sordium,
627 2468 676 2521 sed
685 2467 864 2522 conscientie
873 2465 1162 2535 bonoetnterragatio

207 2538 377 2595 inDenmal.
390 2541 469 2593 Petr.
486 2548 525 2593 111
537 2553 581 2604 aa.
597 2551 660 2594 non
669 2552 725 2608 per
736 2537 923 2592 lavationem
932 2534 1091 2606 eorporis,
1103 2537 1162 2595 sed

206 2622 263 2681 per
275 2609 497 2666 conscientiam
511 2609 671 2679 probatam
683 2621 789 2665 coram
800 2609 875 2664 Deo.

242 2683 449 2739 inruunooo.
472 2678 699 2748 nonnunquam
723 2686 770 2736 est
794 2676 938 2750 judiciale
957 2673 1166 2740 vombtrlum..

209 2750 260 2810 Sic
271 2750 359 2822 impii
369 2751 528 2808 minantur
542 2751 599 2808 nei
610 2750 688 2810 Filio
700 2749 820 2809 Messian
834 2767 842 2808 ε
863 2751 1044 2809 Contumelia
1056 2761 1085 2808 et
1099 2762 1163 2808 tor·

208 2831 304 2881 mento
313 2823 527 2893 interrogemus
539 2837 605 2879 eum
616 2850 725 2867 ·····
740 2827 832 2880 lllarte
845 2823 1015 2892 turpissima
1027 2825 1161 2881 condem-

209 2898 309 2953 nemus
321 2908 395 2953 eum.
417 2898 486 2967 Sap.
496 2896 573 2967 ltup
588 2906 633 2966 sq.
647 2899 721 2951 Deus
734 2896 929 2967 interrogabit
943 2910 1031 2965 opera
1042 2905 1162 2964 uestra,

209 2967 439 3039 eticogttanmes
451 2969 642 3026 scrutabitur.
665 2969 735 3039 Sap.
749 2977 785 3025 vl
797 2969 823 3027 b.
847 2968 992 3037 Palpebrae
1001 2967 1062 3037 ejus
1072 2968 1164 3022 inter-

208 3047 320 3113 rogant
331 3039 403 3111 [aiios
416 3041 571 3097 lominum.
588 3042 677 3096 ΡΜ
689 3041 715 3097 5.
735 3038 819 3098 οοιιΙί
831 3038 898 3110 ejus
909 3039 1014 3096 omnia
1024 3039 1163 3097 humana

209 3112 333 3178 vident,
347 3115 634 3182 etperscrutant'nr.
950 3130 956 3151 ι

245 3184 280 3253 2)
298 3184 485 3253 interrogari
497 3184 629 3240 assidue.
647 3181 739 3241 liceli.
755 3193 840 3240 xxm
854 3180 1162 3253 pontenariam,

210 3263 277 3313 etv.
293 3272 325 3307 ιο
334 3255 623 3315 temerenominare
633 3255 894 3323 Deum,coelites,
906 3269 942 3311 ac
957 3269 1007 3310 res
1021 3261 1165 3311 sanctas:

209 3326 347 3400 quoniam
360 3343 418 3385 non
432 3327 489 3382 eris
509 3326 663 3393 immunis,
685 3325 873 3397 impunitus,
896 3324 933 3380 ab
953 3326 1014 3393 cis,
1038 3333 1166 3396 propter

210 3398 292 3457 llaee.·
308 3398 438 3455 Additur
451 3408 478 3459 n
501 3415 531 3451 ιι
554 3413 562 3455 :
580 3399 654 3454 sicut
669 3398 746 3453 enim
761 3413 859 3454 sanus
879 3397 1080 3468 interrogatus
1092 3398 1167 3453 ussi·

211 3470 281 3537 due,
291 3483 311 3524 a
320 3470 408 3525 liuore
418 3486 478 3526 non
487 3469 654 3526 minuitur:
666 3469 943 3538 sicomnisJ'urant,
957 3478 986 3524 ct
993 3469 1166 3538 nominans,

211 3542 242 3596 in
252 3549 314 3596 toto
325 3551 469 3612 apeccata
478 3557 536 3597 non
545 3542 740 3613 purgabitur,
752 3550 786 3597 ut
794 3556 920 3607 servus,
932 3540 985 3611 qui
996 3540 1167 3600 identidem

212 3611 373 3681 quaestioni
391 3623 421 3671 et
436 3612 557 3683 flagello
570 3613 746 3685 subjicitur,
770 3626 930 3683 nunquam
944 3611 1097 3669 vibicibus
1111 3626 1168 3669 ca·

212 3680 290 3742 rabit
311 3698 319 3739 :
339 3684 409 3765 sic„
423 3684 476 3742 ubi
491 3685 610 3759 juratur
626 3699 662 3744 ac
680 3692 785 3745 sancta
806 3683 1008 3745 nominantur
1024 3689 1166 3759 temere,
