2475 4034
280 113 282 118 ,
362 42 567 111 (ἷιιιαυιιιιι.
616 43 776 117 (Ξιιιιιιιι.ι
995 44 1045 146 ’95

106 171 199 236 portam
219 175 284 216 eam
294 156 317 213 ἐ»
327 166 355 215 et
372 160 425 214 lice
440 174 498 214 uon
511 159 625 231 fuctum
643 169 709 226 est,
735 161 824 219 donec
835 164 945 230 ueniret
959 170 1044 238 capus

106 244 140 290 est
153 231 315 304 judicium,
331 239 360 287 et
377 231 498 286 tradam
514 231 549 286 εἰ.
576 234 624 288 Ea.
646 243 703 290 xxi
722 235 756 285 αθ
776 248 820 304 sq.
842 236 957 293 Cidaris
979 247 1046 296 erat
1097 293 1100 300 ι

104 305 249 376 pontificis
261 301 407 369 maximi,
429 315 544 360 corona
557 303 638 371 regis
654 321 663 368 3
684 304 845 376 utriusque
857 308 946 363 ruina
967 323 1044 380 prae-

103 378 229 442 dicitur,
250 375 320 445 quia
333 381 483 444 potestate
496 389 550 430 sua
567 374 690 440 abusae,
711 376 934 446 depresserunt
947 394 982 435 ac
994 396 1045 438 ex·

102 449 230 505 tulerunt
250 446 423 517 quoslibet,
448 444 525 502 nihil
547 445 690 515 judicio,
717 450 897 519 omniapro
918 448 1046 509 libidine

72 586 74 590 ,
101 528 126 577 et
143 520 249 589 inique
269 525 405 587 agentes.
428 516 517 586 llane
538 517 754 587 iniquitatem,
781 520 996 589 gravissimam
1015 531 1047 580 et

75 592 78 602 '
100 591 319 661 multiplicem,
350 589 383 645 iu
409 590 548 660 apricum
571 604 655 647 nuuc
675 591 860 658 extraham,
890 601 921 649 et
939 607 1047 652 severe

98 662 237 734 plectam.
268 664 341 729 Quas
363 667 549 731 supersunt.
571 660 727 730 duplicem
749 664 976 731 expositionem
998 681 1046 722 re-

98 734 234 805 cipiunt3
261 733 356 789 altera
376 732 465 801 plana
485 740 534 787 est
552 738 583 787 et
601 733 716 800 obvia,
746 735 785 790 de
801 734 1045 795 Nabuchodono*

99 820 167 862 sore
187 821 194 861 z
217 818 281 862 non
294 804 352 865 fiet
370 804 455 870 hoc,
481 804 563 875 quod
584 801 719 860 minatus
743 820 840 874 sum,
868 808 968 865 donec
989 823 1044 866 rex

39 907 43 908 ν
97 876 147 933 ille
158 877 259 937 ueniat
272 913 281 943 ,
300 877 352 938 cui
365 875 515 946 judicium
527 876 587 932 hoc
599 876 764 944 commisi,
786 892 875 935 sacra
891 879 1043 937 eteiuilia

97 956 195 1005 uestra
213 948 318 1007 omniu
335 947 365 1003 ei
384 961 441 1004 suo
459 954 599 1015 tempore
618 947 837 1017 subiecturum
860 948 953 1007 altera
974 952 1044 1010 suh·

96 1020 176 1078 lilior
188 1027 220 1076 et
237 1016 387 1087 nobilior,-
408 1018 447 1074 de
465 1018 577 1075 Messio
596 1032 604 1074 ε
624 1017 716 1089 plene
729 1020 790 1076 hoe
809 1034 872 1077 non
885 1021 958 1089 fiet,
982 1036 1045 1082 uon

94 1089 222 1155 abolebo
244 1091 365 1161 penitus
392 1090 492 1159 gentis
512 1103 591 1145 meae
612 1104 744 1160 mgnum
765 1099 796 1148 ct
818 1093 1044 1160 sacerdotium,

94 1163 194 1222 donec
209 1164 314 1220 veniat
331 1162 492 1229 Christus,
519 1163 570 1216 cui
588 1169 753 1233 utrumque
769 1164 890 1220 tradam
901 1173 933 1220 et
950 1179 1045 1235 penes

92 1250 186 1307 quem
199 1248 305 1291 rerum
316 1234 458 1296 omnium
471 1232 620 1303 iudicium
634 1232 701 1290 erit
720 1235 850 1302 Quidam
863 1236 1047 1309 iniquitatem

91 1324 130 1365 ex
149 1306 295 1368 hebraico
315 1305 402 1361 aliter
422 1305 685 1374 interpretantur,
711 1314 819 1364 contra
839 1322 917 1379 quos
935 1308 1049 1380 vulga-

93 1387 158 1441 tam
177 1378 289 1444 tuebor
302 1379 374 1433 Voc.
404 1377 561 1449 Iniquitas..

126 1452 302 1512 crudosum.
330 1448 520 1521 Adimam
542 1477 564 1515 ‚·
584 1445 623 1504 ab
643 1448 790 1507 -hostilius
817 1452 1044 1514 evertendam:

92 1523 198 1582 Proust
214 1531 327 1577 terrum
347 1529 429 1582 tuom
448 1519 531 1592 quusi
549 1520 679 1592 flumen,
703 1523 763 1592 filia
781 1524 872 1578 maris
894 1541 905 1578 :
924 1539 985 1580 aea
1002 1533 1046 1581 est

90 1595 242 1663 cingulum
255 1594 336 1649 altra
349 1593 408 1653 titt,
430 1593 469 1651 Is,
489 1602 572 1656 ΧΧιιι
584 1610 633 1649 ro.
654 1596 737 1664 Tyro
750 1634 760 1662 ‚
779 1594 854 1650 urbs
866 1596 1045 1662 maritima,

90 1667 194 1733 scito,
221 1674 255 1722 tc
279 1665 317 1728 de
338 1674 420 1724 terra
443 1706 452 1730 ,
477 1678 573 1734 quum
595 1679 757 1734 occupas,
783 1674 866 1722 tauta
884 1666 1047 1723 *celeritate
1124 1729 1128 1734 ,

91 1738 236 1795 ablatum·
256 1736 321 1804 iri,
349 1744 463 1808 quanta
485 1737 601 1792 tlumen
624 1735 777 1794 delabitur
797 1755 805 1795 z
827 1750 890 1792 oon
913 1736 976 1806 jam
996 1745 1045 1793 est

91 1810 148 1872 tibi
165 1808 349 1879 cingulum,
368 1808 432 1864 sive
451 1807 632 1877 praesidiarii
645 1808 777 1876 militis,
797 1808 863 1864 sive
875 1808 1046 1863 munimen·

72 1894 76 1906 ¹
91 1889 218 1949 torum,
242 1880 306 1936 sive
324 1880 419 1938 etiam
438 1879 557 1941 maris,
579 1891 645 1949 quo.
657 1880 823 1949 praecincta
840 1878 1046 1940 possiumus..

77 1960 198 2025 'petum
218 1951 447 2008 contemnebas.
471 1998 512 2035 ⁸..
573 2023 577 2026 ι
602 2013 607 2024 ¹
861 2015 864 2024 Ι

91 2031 94 2036 “
128 2024 291 2088 Gauianus.
317 2024 386 2080 Sive
404 2020 560 2093 sciniphes
572 2021 743 2088 &culicum
762 2035 859 2091 genus
881 2029 929 2080 est
945 2021 1047 2079 minus

93 2095 258 2154 tissimum.
283 2097 367 2151 luter
382 2094 536 2165 AEgyptias
554 2092 664 2149 decem
684 2093 790 2164 plagas
807 2102 1009 2149 numerantur
1027 2109 1047 2151 a

94 2166 246 2239 Vulgpta,
274 2169 325 2225 Ex.
349 2176 411 2222 νιιι
439 2169 470 2218 ι6
494 2182 508 2221 s
531 2179 560 2238 q.
584 2172 615 2220 et
635 2167 685 2226 vs,
715 2175 773 2221 esu
791 2165 835 2219 δι.
859 2163 1046 2221 Hebraicum

94 2246 196 2295 lamen
219 2236 425 2306 vocabulum,
452 2179 535 2314 qdod
558 2236 725 2307 utrobique
742 2243 936 2307 usurpatur,
960 2234 1047 2305 pedi-

95 2309 184 2378 culos
200 2309 365 2379 signifieat.
402 2318 410 2336 ·
508 2317 513 2326 ·
621 2339 653 2368 2

116 2381 227 2438 ''Cinls
246 2381 376 2454 Cinaram
389 2389 531 2453 tauquam
540 2393 646 2454 panem
655 2378 876 2435 manducabam.
889 2377 939 2436 rs.
950 2387 989 2436 ,ct
1002 2395 1043 2436 ιο.

94 2452 148 2509 vel
165 2453 236 2525 quia
250 2466 364 2528 panem
375 2450 746 2520 comederets'ubciueire
762 2458 911 2518 coctum,
932 2450 1048 2522 quippe

95 2524 145 2581 cui
157 2523 319 2598 particulas
328 2524 470 2589 cinerum
484 2523 731 2586 atmaercscereut
745 2522 814 2588 :yel
826 2522 898 2594 quia
910 2521 943 2578 in
957 2522 1049 2581 lucto

94 2596 186 2667 capiti
210 2596 393 2672 aspersisset
414 2596 554 2662 cinerem
572 2636 584 2667 ,
615 2595 745 2667 ejusque
767 2603 887 2665 partem
910 2594 1048 2665 aliquam
1142 2595 1150 2620 ⁶

87 2668 126 2725 io
139 2668 245 2733 cibum
259 2668 417 2740 delapsam
427 2682 488 2725 uua
503 2665 616 2724 ederet.
636 2665 784 2739 Exempla
798 2674 978 2724 sanctorum
991 2666 1047 2723 ali·
1137 2727 1149 2738 ῃ

95 2747 171 2812 quot
185 2739 326 2802 vicorum
342 2754 360 2797 e
376 2737 557 2800 Cirristianis
573 2737 741 2806 heroibus,
771 2739 823 2809 qui
840 2737 977 2794 cinerem
993 2738 1049 2793 ad-

93 2811 259 2872 miscuisse
273 2810 444 2874 ultrocibis
458 2810 623 2879 leguntur,
634 2810 681 2867 ad
691 2809 874 2884 prophetam
887 2808 1050 2865 traducere

94 2882 121 2939 si
137 2897 212 2941 cum
225 2883 408 2953 quibusdam
421 2881 556 2940 volueris
570 2897 577 2938 ε
590 2883 686 2952 side,
706 2898 747 2939 ne
758 2883 790 2938 in
811 2891 841 2941 te
854 2887 1048 2949 consurgant

93 2953 212 3022 aridei,
236 2964 266 3011 et
283 2955 504 3017 divinationem
521 2953 660 3010 attidisse
678 2963 710 3012 te
725 2954 855 3024 potius,
884 2965 977 3022 quam
996 2965 1048 3007 ex·

92 3025 281 3155 Kositio'nem
299 3027 432 3086 solidam
453 3025 557 3084 dicant
574 3043 583 3094 3
613 3021 688 3097 quid
707 3026 792 3081 euim
812 3027 826 3078 l
852 3035 891 3078 an
913 3022 967 3078 toti
986 3022 1048 3075 lie-

92 3169 169 3226 bues
184 3172 198 3223 i>
215 3171 299 3241 atqui
312 3170 350 3227 de
361 3167 415 3227 illo
430 3169 613 3242 captivitatis
629 3178 771 3238 tempore
787 3165 923 3221 diciturs
940 3161 1048 3217 cibavit

92 3257 139 3296 me
163 3241 267 3300 cinae.
300 3243 415 3298 Thren.
453 3249 493 3296 ιιι
525 3243 565 3302 16.
595 3238 830 3311 Simplicissime
856 3235 894 3290 de
919 3241 1050 3317 utroque

92 3312 295 3384 iocodixeris
311 3332 319 3380 ;
338 3314 401 3371 vim
421 3313 536 3370 laudere
559 3312 685 3381 adagii,
714 3310 755 3368 ad
774 3317 930 3389 summam
953 3318 1049 3388 animi

92 3384 279 3454 tristitiam,
308 3393 339 3442 et
368 3385 475 3443 sordes
504 3384 758 3454 squalloremque
797 3390 936 3448 corporis
967 3376 1053 3432 ιιιᾱι-,

94 3457 264 3591 ωέιίιιὸιῗιῖι.
280 3527 306 3584 l.
322 3528 420 3586 mach.
437 3539 471 3584 ιν
484 3529 535 3596 54,
548 3536 580 3585 et
592 3536 654 3583 xtn
667 3526 712 3581 51.
727 3519 929 3582 instrumenti
938 3517 1050 3576 musici

92 3609 207 3672 penus,
222 3598 349 3657 citlsarae
362 3599 555 3670 simillimum
565 3636 577 3667 ,
589 3599 700 3666 ¹decem
712 3595 919 3660 chordarum,
933 3592 1051 3662 plectro

94 3669 215 3741 pulsari
228 3669 363 3730 solitum.

112 3111 249 3154 raeorum
267 3098 382 3169 populo
395 3095 544 3156 eamdem·
560 3097 774 3154 sanctimoniae
800 3092 973 3150 celsitatem
996 3090 1049 3145 tri·
1092 3147 1097 3156 ,
1165 3145 1170 3154 ,
