2475 4034
175 56 239 105 aaa
298 39 308 70 i
499 26 592 108 Cura.
643 15 789 91 Cusaos.

200 150 281 205 cuti.
301 143 390 199 Periit
405 141 547 198 mensorio
562 154 666 193 eoram
679 153 745 193 enan
764 136 870 193 sonito.
894 138 943 193 Pa.
966 146 1000 194 ix
1017 155 1052 207 7³*
1064 130 1122 197 lio·

164 218 288 283 hraice,
311 228 426 280 sonus3
444 212 465 268 i.
488 224 666 268 consonus.
691 208 770 266 ninii
790 207 851 264 dici
870 209 908 265 ad
923 223 989 268 ram
1001 223 1122 268 accom-

164 288 321 348 modatius
334 290 454 356 poterat
474 298 482 340 ε
502 295 576 337 nam
589 294 691 353 nequa
707 279 845 338 velocius
863 280 1031 351 quidquam
1046 295 1123 351 prae·

164 359 238 418 'terit
249 373 346 423 sono;
361 365 392 412 et
403 355 455 411 ubi
468 351 637 425 preteriit,
655 351 777 423 nullum
790 352 955 419 vestigium
969 359 1121 422 superest.

201 433 324 489 (lutino.
348 428 486 485 Velociter
498 425 594 481 currit
613 439 710 478 sermo
723 424 807 493 ejus,·
826 427 876 480 Ps.
892 431 1003 479 cxtvtl
1017 425 1043 486 i.
1067 423 1124 481 Dei

163 503 261 562 verim
276 507 384 572 parem
405 502 564 553 momento
584 496 690 554 omnia
710 510 719 554 a
739 495 773 552 nt
794 494 942 554 continuo
955 534 964 563 ,
977 549 979 556 ,
991 495 1075 566 quoti
1092 502 1125 555 ct

167 575 322 645 quomodo
338 569 391 626 ilia
405 568 473 625 fleri
487 567 581 639 jubat.

144 665 149 678 ἱ
200 648 336 703 cunnus.
358 645 470 698 cnrrm
486 640 537 694 Dei
549 639 647 696 aecem
657 637 784 693 mittiue
802 635 910 706 (hebr.
932 635 1042 705 viginti
1054 637 1124 696 mii-

164 718 266 781 lihus;
288 726 437 770 numerus
455 719 558 770 certus
583 722 641 781 pro
659 710 781 767 incerto
802 708 812 775 i
834 706 987 777 muttiptex
998 746 1009 775 ,
1032 709 1125 766 mittio

165 787 328 846 laetantium
349 799 359 836 .·
378 784 516 839 Dominus
535 783 565 837 ia
580 782 620 837 eis
630 798 643 848 ,·
661 781 691 837 in
706 780 778 838 Sino
796 780 826 835 in
837 789 962 848 sancto;
978 779 1124 841 hebraica

162 860 238 917 sina
250 856 467 930 praepositione
476 862 567 912 vacat
583 869 590 910 :
605 853 716 910 sinain
726 853 894 912 sanctitate.
910 855 960 908 Ps.
973 862 1063 908 txxn
1080 852 1121 911 18.

164 934 266 989 sensu
280 927 404 986 litterali
424 930 503 984 Area
523 923 729 994 descnbitur3
748 939 789 982 ex
801 929 928 996 AEgypto
940 923 974 980 in
987 922 1125 981 Palmati·

164 1017 239 1059 narn
252 1000 439 1066 ascendens,
462 997 838 1068 stipantibus‘innumeris
853 995 972 1065 augetis
992 996 1047 1052 :in
1065 996 1125 1053 ho·

164 1088 237 1130 rum
256 1072 359 1129 medio
377 1073 444 1142 ipsc
457 1071 607 1127 Dominus
633 1083 750 1141 amona
765 1070 856 1135 Sina,
872 1068 905 1124 in
920 1080 982 1139 quo
994 1066 1047 1125 ille
1067 1067 1124 1125 do-

164 1145 317 1203 micilium
342 1143 452 1200 deinde
473 1140 654 1208 collocavit,
680 1156 772 1198 mons
794 1147 923 1202 sanctus
942 1147 998 1197 est.
1022 1141 1123 1198 sensu

165 1215 351 1285 allegorico,
368 1214 508 1270 Christus
518 1213 551 1271 in
562 1211 680 1272 coelum
696 1215 868 1272 ascenmins
880 1252 889 1278 ,
903 1212 979 1268 dum
992 1211 1024 1268 in
1040 1211 1122 1268 nubo

164 1288 311 1354 otientur,
333 1285 514 1354 angelorum
531 1285 702 1341 exercitum
716 1286 865 1348 comitem
884 1283 997 1349 habet,
1018 1290 1051 1339 et
1062 1295 1124 1339 mo·

163 1358 236 1415 liori
247 1358 343 1423 Sinae,
357 1354 497 1413 ecciesiae
517 1369 580 1411 suaa
593 1356 796 1426 triumphanti
807 1371 845 1415 ac
854 1354 1019 1421 militanti,
1034 1369 1123 1413 sanc·

164 1429 326 1486 timoniam
339 1439 512 1498 perennem
530 1427 679 1497 impertit

201 1502 340 1556 causon.
367 1491 435 1556 Vide
451 1498 512 1554 nias
533 1507 599 1553 toas
616 1499 648 1554 in
663 1500 813 1567 aaronita,
831 1497 865 1559 in
884 1495 964 1554 valle
977 1499 1122 1572 Ennom,

164 1572 217 1627 ubi
235 1570 349 1627 liberos
368 1569 427 1627 deu
448 1569 571 1627 moloch
592 1570 762 1632 immolasti
783 1585 791 1626 ε
813 1569 888 1628 scito
930 1568 980 1624 nid
997 1569 1123 1639 seceris,

164 1659 267 1699 cursor
282 1643 349 1697 trois
366 1642 512 1712 explicans
527 1640 589 1698 uias
608 1655 687 1697 suot.
707 1646 769 1698 ter.
788 1651 815 1697 u
834 1642 878 1696 aa.
905 1586 1048 1696 {ursaria
1064 1654 1125 1697 no·

163 1715 249 1773 mine
261 1714 450 1771 animantem
463 1714 605 1783 designat
612 1713 749 1776 libidinis
763 1721 858 1771 oestm
870 1711 1045 1779 incitatam,
1058 1711 1124 1772 sivo

163 1800 333 1856 capream,
352 1800 392 1842 ax
413 1788 449 1841 Ι).
474 1786 658 1856 Hieronymi
683 1785 859 1851 sementim
882 1784 948 1840 sive
967 1782 1137 1840 camelum*

162 1858 332 1924 feminam,
351 1864 386 1914 ut
403 1857 546 1914 Chaldaeo
564 1856 669 1926 piacet
688 1872 695 1913 :
716 1872 785 1932 quaa
806 1856 912 1915 omnia
929 1862 1123 1924 concursat,

163 1928 553 2001 utcupiditatisexpiendae
568 1929 933 1986 occasionum-inveniat.
1102 1973 1106 1978 .

201 2002 323 2058 convo.
344 2003 419 2056 Ante
429 2003 513 2074 pedes
525 2018 592 2057 suos
606 2002 740 2059 curvabit
754 2001 894 2059 virtutem
910 2014 1003 2055 sunm.
1027 1998 1121 2058 Ecoii.

164 2082 292 2129 xxxvm
311 2073 354 2128 55.
382 2076 496 2131 Pectus
523 2088 615 2136 suum
628 2114 642 2141 1,
660 2085 777 2145 corpus
803 2088 920 2140 suum,
948 2071 988 2128 acl
1008 2079 1125 2130 terram

164 2157 264 2217 usque
278 2144 430 2218 demittet.

200 2216 382 2274 cosanum.
404 2221 608 2286 cognorerunt
619 2217 662 2272 sie
672 2231 811 2289 pauperes
824 2216 945 2289 gregis,
964 2215 1014 2288 poi
1027 2223 1126 2271 custo·

165 2288 250 2343 ctiam
261 2288 346 2355 mitt,
361 2288 558 2360 quincentum
567 2289 684 2343 Domini
695 2298 749 2344 est.
772 2290 864 2350 Zach-
880 2299 914 2343 xl
931 2301 972 2341 rr.
988 2288 1124 2344 Verbum

163 2357 223 2415 hoc
235 2372 307 2442 assa
322 2359 467 2427 Domini,
481 2373 655 2428 cognovere
665 2374 838 2430 pauperes,
856 2359 908 2443 qui
920 2373 994 2442 pars
1008 2358 1126 2427 optima

164 2442 265 2497 gregis
277 2430 341 2485 mei
354 2437 444 2497 sunt,
461 2437 494 2486 et
508 2438 629 2490 rectum
642 2430 840 2497 custodium
860 2439 933 2498 lusti
951 2429 1123 2499 nimirum,

163 2513 298 2568 quorum
310 2513 434 2568 semper
446 2515 596 2562 numerus
610 2501 722 2572 aliquis
741 2500 824 2558 inter
842 2500 989 2556 Hebraeos
1009 2513 1124 2569 snper-

162 2570 229 2628 iuit
254 2573 431 2627 Pronomen
447 2572 516 2627 miti
533 2571 734 2643 pleonasmus
753 2580 801 2634 est
819 2570 1008 2638 hebraicus,
1026 2584 1122 2641 quem

144 2664 146 2670 v
164 2642 192 2697 si
205 2641 243 2697 acl
255 2642 514 2700 cousuetudinem
528 2643 657 2700 latinam
673 2657 821 2703 revocare
834 2643 927 2710 libet,
950 2642 1001 2700 dio
1020 2653 1096 2700 sana
1112 2659 1121 2701 a

163 2714 229 2841 (1υῶ
231 2712 292 2770 mei
305 2725 433 2783 amore,
453 2716 506 2786 qui
518 2715 647 2773 honoris
666 2716 729 2773 mei
745 2714 865 2788 gratia,
885 2715 937 2787 ius
948 2722 980 2771 et
991 2714 1038 2772 tas
1049 2728 1127 2776 cua·

164 2793 197 2844 to
234 2793 300 2842 unt.

199 2860 233 2925 2)
251 2857 628 2917 custodireobsidionem.
649 2862 696 2916 lia
704 2858 1009 2919 nabuchodonosore
1020 2858 1126 2917 adur-

163 2928 235 2985 bem
250 2929 392 2986 Ninivem
407 2931 521 2987 dicitur
540 2947 549 2988 t
568 2931 721 3000 Ascendit,
739 2932 789 3005 qui
800 2932 949 3002 dispergat
958 2946 1061 2990 coram
1075 2940 1123 2998 te,

163 3001 214 3072 pm
225 3002 370 3058 custodiat
382 3004 564 3059 vastationem
581 3004 702 3064 Nahum
714 3016 740 3062 11
757 3023 780 3062 1.
804 3004 1056 3075 appropinquat,
1071 3004 1126 3074 qui

164 3087 289 3130 omnem
302 3081 388 3131 tuam
400 3075 548 3133 viciniam
557 3075 785 3147 depopuletur,
805 3084 898 3147 teque
912 3076 1014 3150 ipsam
1038 3082 1125 3136 arcta

165 3145 326 3202 obsidione
343 3155 476 3217 premat.
576 3179 579 3186 ·
617 3179 620 3184 -

200 3218 338 3275 cuseos.
370 3220 425 3275 vir
447 3231 558 3276 avarus
580 3227 612 3275 et
630 3218 756 3291 iniquus
780 3220 931 3291 artificante
951 3220 1026 3278 siem
1047 3220 1127 3276 tineo

165 3286 281 3343 amntem
292 3306 393 3357 saram,
413 3301 442 3346 et
454 3289 638 3348 sicutcustos
654 3306 821 3362 pomorum
835 3300 888 3349 aut
905 3305 1038 3350 uvarum
1054 3291 1125 3361 [ecit

166 3360 375 3416 umbraculum.
393 3363 461 3419 tob.
477 3375 569 3420 xxvu
585 3364 627 3418 ι8.
648 3363 734 3422 sicut
751 3364 915 3422 intimatum
933 3365 1027 3420 tinea
1038 3362 1126 3421 facii-

165 3425 239 3513 iimo
250 3431 386 3515 tollitur,
409 3441 440 3490 et
461 3436 640 3493 autumnale
662 3437 822 3507 tugurium
843 3436 928 3493 brevi
956 3434 1123 3505 dejicitur:

129 3568 139 3585 ‚
166 3504 325 3629 &nazarus-ati
335 3503 494 3629 opulentia
507 3508 585 3567 nihil
603 3522 705 3583 neque
723 3508 876 3566 firmitatis
888 3508 1001 3577 habet,
1020 3520 1124 3578 neque

272 3587 302 3628 m
317 3587 334 3629 a
347 3589 383 3632 rs.
1103 3631 1106 3636 ,
