2475 4034
180 119 250 219 396
472 124 642 191 Vausras.
691 119 830 193 Veron.

173 241 256 299 ricus
276 238 359 297 idem
380 245 412 296 et
429 238 552 309 ragina
564 242 672 297 ¹saeris
693 239 848 310 interpres
868 238 1045 308 excellens,
1067 237 1127 302 ltoc

172 311 242 371 loeo
260 310 303 368 ait
320 326 328 369 τ
346 316 498 383 Nunquam
510 326 545 365 co
556 311 744 382 amplitudine
761 326 882 367 murum
898 312 1129 385 Hierosolymita-
1201 287 1202 344 ³

171 384 343 454 neminisse
354 392 425 453 puto
437 400 449 450 ,·
461 383 512 439 scd
522 398 557 439 co
569 384 634 439 ioca
645 384 789 439 suburbiis
802 393 946 457 occupato
959 385 1024 440 rabi
1032 400 1128 441 onno-
1201 357 1202 442 i

172 455 291 520 merari.
316 454 508 534 allegorice,
527 454 567 511 de
585 455 698 512 Christi
720 454 877 524 ecclesia,
901 470 971 581 ‘1¹¹¹ae
992 471 1064 513 vere
1082 465 1129 516 est
1201 451 1202 498 l

173 532 314 586 Sanctam
328 528 461 594 Domini,
484 537 613 610 quisque
626 542 686 585 nort
703 527 871 583 destruetur
885 541 904 582 a
916 535 966 584 tro
979 527 1010 584 in
1027 539 1128 601 perpe
1201 539 1202 542 ’

174 612 280 665 traam,
296 608 331 655 ut
343 599 458 656 ibidem
472 597 592 655 dicitur.
934 665 939 671 Ι
1061 653 1066 657 ,

211 675 248 740 2)
263 669 356 729 Vallis
373 669 570 728 concisionis.
585 668 686 740 Populi
697 672 795 746 papali
808 671 838 726 ia
853 667 928 727 ociis
943 670 1128 729 concisionis:

173 745 243 816 qttia
255 744 348 814 istola
363 752 407 798 cst
417 742 476 798 dics
492 742 646 798 Dominiia
666 743 742 801 oaiic
759 742 936 799 concisionis.
957 743 1024 802 soal
1034 741 1125 809 lli-td.

173 817 288 873 omnes
307 814 413 886 populi
430 812 462 870 in
483 812 564 870 salle
579 815 728 885 iosaphat
744 828 841 885 prope
858 814 1127 886 Hierosolymam:

175 885 403 959 appropinquat
420 885 510 953 dies,
536 901 595 957 qna
618 888 701 943 Deris
720 886 764 943 ibi
791 887 895 943 hostes
912 900 987 960 paros
1006 886 1128 945 exscin-

174 959 248 1026 det,
271 966 302 1014 et
320 959 359 1016 ad
370 956 620 1015 internecionem
634 957 756 1016 delebit.

181 1096 185 1101 ⁴
210 1030 249 1098 ὅ]
273 1034 353 1089 Onus
374 1030 457 1087 valiis
474 1030 600 1086 visionis.
627 1034 666 1087 ls.
688 1039 758 1090 xxti
781 1048 803 1086 1.
824 1041 910 1099 Lxx,
933 1029 1124 1090 villiestro.

174 1105 254 1160 cum
271 1116 345 1173 ergo
357 1102 389 1159 in
404 1101 484 1160 valle
498 1101 597 1158 Sionis
612 1104 728 1159 montis
743 1102 816 1160 urbs
835 1101 1048 1174 Hierosolyma
1068 1103 1125 1161 sita
1201 1103 1202 1160 l

174 1174 268 1237 issent
280 1215 289 1241 ,
310 1173 465 1244 indicatur
476 1173 656 1230 vaticinium
670 1175 992 1238 contra-eam⁵·urbem.

211 1247 246 1313 lsi
263 1246 355 1303 vallis
368 1246 511 1301 montium
523 1259 664 1304 merrtem.
682 1246 773 1303 zach.
787 1256 842 1302 xiv
853 1244 879 1303 t.
894 1244 1007 1301 abiaiii
1022 1244 1128 1315 legunt

173 1318 318 1376 montium
334 1332 445 1376 eoram.
463 1316 562 1389 Vallis¹
572 1325 640 1385 est,
658 1332 751 1389 quam
764 1316 976 1387 monstempli
993 1325 1024 1373 et
1035 1317 1127 1376 mons

175 1389 249 1447 Sion
262 1390 387 1459 proprie
400 1389 498 1446 dictus
512 1390 672 1455 efficiunt,
695 1389 741 1448 uli
756 1388 819 1445 dixi
838 1391 910 1448 voc.
931 1394 1033 1455 lions,
1050 1396 1066 1454 s
1080 1390 1106 1445 5.

210 1463 364 1517 vallinus.
379 1461 524 1517 Mendaces
533 1461 585 1530 filii
593 1461 742 1516 ltomiount
750 1461 908 1517 insidieris
917 1499 927 1527 ,
946 1460 1129 1532 otdccipiattt

176 1533 187 1587 i
203 1533 229 1590 si
242 1532 276 1587 de
286 1533 417 1590 vanitate
428 1534 458 1588 ist
472 1532 601 1602 idipsum.
624 1535 673 1590 Ps.
690 1535 810 1597 bxl‘ro.
828 1534 864 1589 llt
878 1532 1031 1604 decipiant
1042 1533 1128 1591 irau-

196 1604 316 1661 uleuter
331 1604 468 1662 universi
484 1603 593 1676 simul.
907 1651 914 1666 ,

176 1713 180 1720 -
211 1678 249 1746 2)
270 1676 417 1747 Accipere
432 1676 464 1732 in
483 1675 625 1733 uanitate.
647 1675 679 1733 Si
693 1677 830 1734 occideris
850 1682 923 1734 Deus
938 1684 1127 1749 peccatores:

174 1747 231 1804 oiri
242 1750 420 1822 sanguinum
431 1748 573 1804 declinate
584 1764 603 1803 o
615 1763 662 1804 me
673 1764 684 1803 .·
697 1750 767 1821 quia
778 1750 872 1806 dicitis
885 1750 915 1804 in
926 1750 1128 1824 cogitatione:

174 1821 319 1892 Accipient
337 1822 368 1876 in
382 1822 513 1877 vanitate
529 1821 660 1888 civitates
685 1824 830 1878 tausis.
854 1829 1003 1880 cxxxvnt
1024 1839 1057 1890 ¹9
1079 1834 1125 1893 sq.

175 1893 304 1959 Quando
319 1892 432 1964 impios
448 1893 572 1951 occides
590 1894 695 1961 Deus,
721 1894 822 1950 dicam
839 1893 885 1949 eis
913 1908 922 1949 s
947 1893 1091 1950 Recedite
1108 1906 1128 1951 a

174 1978 249 2034 me,
273 1963 332 2021 riri
350 1965 538 2034 sanguinarii
552 1982 561 2031 ;
574 1978 629 2021 vos
642 1965 726 2021 enim
742 1966 781 2022 ad
795 1964 963 2028 nominum
977 1964 1058 2021 intra
1070 1973 1127 2022 vos

174 2034 259 2106 ipsos
275 2035 424 2094 scelerate
441 2036 542 2094 dicitis
559 2054 568 2096 r
585 2036 671 2094 Serri
686 2036 737 2093 tui
751 2037 911 2095 incassum
923 2035 1130 2108 *occupabunt

174 2106 405 2178 possessionem
422 2108 568 2175 urbium,
585 2123 602 2165 a
615 2108 733 2180 seipsis
748 2108 993 2176 destinatarum,
1014 2107 1129 2179 quippe

176 2180 291 2239 anobis
301 2180 388 2239 brevi
399 2180 510 2238 iisdem
519 2180 710 2237 exturbandi.
724 2182 768 2239 lix
778 2180 1016 2238 bebraieoionte
1026 2179 1128 2251 possis

174 2253 269 2310 etiam
287 2253 326 2309 de
338 2251 441 2323 impiis
458 2251 565 2309 ultima
578 2251 749 2322 intelligere
763 2268 771 2309 t
785 2252 881 2310 Abusi
895 2251 1020 2320 suntad
1036 2251 1128 2309 vani·

174 2330 269 2381 tatem
281 2330 313 2382 et
325 2325 455 2381 crimina
466 2324 555 2381 bonis
570 2338 586 2380 a
598 2325 664 2382 lieo
677 2324 734 2381 sibi
747 2323 920 2395 impertitis.
967 2349 975 2358 ·

171 2445 174 2456 .
209 2396 244 2463 3)
257 2396 411 2455 vanitates
423 2408 480 2466 pro
493 2396 597 2467 impiis
606 2394 758 2453 falsorum
767 2395 897 2454 deorum
912 2393 1124 2465 religionibus.

174 2468 270 2522 Baasa
282 2474 314 2524 et
326 2466 397 2534 iila,
416 2480 506 2537 reges
519 2467 662 2536 israelis,
679 2478 892 2540 peccaverant,
913 2476 941 2523 et
953 2482 1074 2536 peccare
1085 2469 1130 2539 fe·

170 2547 278 2602 ‘ceram
289 2540 380 2594 lsrael
387 2577 398 2605 ,
410 2549 599 2610 provocantes
610 2539 764 2597 Dominum
772 2543 862 2596 mom
871 2543 961 2596 lsrael
973 2540 1131 2598 moenita·

175 2608 249 2665 tibus
261 2610 329 2666 sctis.
345 2610 371 2666 3.
387 2612 460 2678 llcg.
475 2620 532 2668 xvi
548 2612 587 2667 ιδ.
605 2609 825 2685 Amiciaoitquc
837 2627 891 2669 rex
905 2611 1027 2670 israelis
1040 2610 1131 2669 amri

168 2680 204 2746 ,in
216 2683 295 2739 maai
304 2681 513 2740 oiaicroboam
525 2683 576 2754 {iiii
586 2684 697 2751 Nabal,
710 2693 739 2741 ct
750 2684 781 2740 in
792 2684 1011 2756 peccatis'ejtts,
1024 2684 1130 2757 quibus

172 2770 293 2826 peccare
308 2756 418 2827 [ecerat
429 2756 542 2811 lsrael:
561 2763 592 2812 ot
608 2756 743 2814 irritaret
755 2757 910 2814 Dominam
927 2760 1019 2811 Deum
1036 2756 1132 2814 lsrael

175 2828 205 2884 io
214 2828 392 2884 vanitatibus
401 2827 469 2884 suis.
482 2827 554 2885 ibid.
567 2843 595 2886 r.
609 2830 652 2885 ab.
668 2828 824 2888 adorando
834 2828 984 2886 nimirum
993 2826 1129 2895 vitulos,

177 2900 398 2958 aierohoamo
422 2907 552 2958 erectos.
581 2902 637 2971 Qui
652 2901 818 2960 costodiunt
831 2901 974 2958 vanitates
986 2901 1130 2970 (rostra,

174 2972 406 3029 misericordiam
416 2988 501 3029 suum
511 2973 733 3047 derelinquunt:
743 2973 943 3046 egoautcmin
953 2987 1021 3028 uoce
1032 2972 1133 3028 laudis

168 3044 328 3101 immolabo
341 3044 400 3101 tibi.
414 3048 459 3103 lta
472 3047 566 3103 ionas
583 3046 616 3102 in
629 3053 736 3111 ventre
750 3045 832 3113 ceti,
850 3057 904 3116 119
918 3059 963 3116 sq.
982 3043 1041 3113 Qui
1052 3043 1134 3101 deo-

173 3131 244 3173 rum
263 3116 429 3187 simulacra
450 3115 552 3174 inutili
568 3117 673 3191 labore
692 3124 873 3188 sectantur,
902 3115 1050 3174 auxilium
1067 3114 1134 3185 ipsi

175 3201 266 3245 suum
281 3189 457 3258 refugiunt,
474 3189 531 3245 liei
542 3190 612 3258 veri,
621 3189 868 3248 misericordiam
879 3197 911 3246 et
921 3189 1060 3246 favorem
1073 3187 1135 3245 de-

151 3259 313 3319 'serentes
331 3275 339 3316 r
358 3274 416 3331 ego
436 3267 565 3329 autem,
587 3262 671 3336 quod
691 3260 791 3319 solum
810 3261 872 3319 boc
888 3260 959 3318 loco
974 3269 1132 3331 possum,

172 3330 230 3388 tibi
244 3329 391 3399 immolo,
411 3333 515 3398 Deus,
534 3345 642 3403 preces
654 3341 685 3391 ct
701 3334 817 3392 laudes.
836 3333 986 3406 secutique
996 3339 1067 3387 sunt
1081 3346 1135 3387 aa·

174 3404 304 3469 nitores,
320 3413 349 3458 et
360 3419 434 3460 vane
445 3415 592 3475 egmunt,
611 3415 639 3462 et
651 3405 741 3462 secuti
754 3413 822 3461 sant
834 3414 955 3477 genta,
970 3410 1137 3477 nommant

170 3490 224 3545 aa
236 3475 391 3530 circuitam
402 3491 512 3532 corana
528 3478 554 3536 lt.
570 3480 643 3547 neg.
657 3488 726 3536 xvtt
740 3478 782 3533 15.
798 3478 977 3535 Vicinarum
987 3476 1136 3544 gentium

160 3546 248 3602 ‚deos
261 3546 381 3613 secuti,
402 3548 615 3617 superstitiose
630 3563 684 3605 eos
703 3549 841 3607 venerati
860 3554 953 3617 sunt,
979 3555 1010 3603 et
1022 3545 1136 3619 proxi-

161 3628 297 3671 morum
312 3617 496 3686 populorum
511 3620 631 3677 scelera
643 3621 787 3678 emulari.
1082 3645 1087 3652 ·

210 3687 334 3743 varon.
356 3689 436 3742 Dabo
455 3691 593 3758 proamita
605 3722 622 3732 -
638 3720 650 3733 -
667 3722 683 3733 -
698 3722 715 3733 -
731 3693 829 3762 ignem
847 3733 856 3758 ‚
885 3705 1024 3762 uaporem
1042 3687 1133 3761 [uati.

134 3771 138 3780 ·
173 3753 248 3810 leel.
268 3758 354 3812 1150.
377 3761 473 3814 Totus
489 3759 577 3817 locus
597 3770 697 3821 exstat
712 3765 786 3821 voc.
808 3764 958 3832 Sangus,
977 3769 994 3827 s
1010 3778 1033 3817 1.
