2475 4034
1027 126 1031 133 Ι

941 132 958 159 Ι
1005 157 1010 164 .

177 176 223 251 80
455 174 594 243 Canas.
643 156 868 242 Caurrcuars

170 295 265 352 vium.
288 295 326 352 tlt
340 304 416 352 vero
426 288 544 362 ingenii
558 288 685 348 laudem
704 290 880 346 auctoribus
899 290 947 362 his
960 306 1054 352 nemo
1070 308 1138 354 ne·¹

170 366 289 438 garant
300 380 310 424 t
323 366 424 425 obstat
434 372 539 421 tamen
552 363 622 419 fons
637 362 776 434 syriacus
790 370 821 418 et
832 369 975 432 graecus,
1002 367 1054 436 qui
1072 381 1123 424 ca-

170 437 288 499 melum
310 435 424 495 animal
437 440 615 494 constanter
636 433 759 490 habent.
784 434 837 490 list
858 442 961 492 autem
981 437 1124 506 adagium

171 518 257 569 retus
272 509 453 566 bebraieum
469 549 477 575 ‚
505 522 522 563 a
535 504 750 563 'thalmudicis
761 519 884 577 quoque
900 507 1055 569 relatum:
1070 514 1124 567 Fa·

171 580 261 640 cilius
282 580 420 638 camelus
438 594 495 651 per
508 590 609 635 acum.
634 577 690 633 Cui
703 578 794 634 altine
809 576 942 635 alterum
961 579 994 635 in
1014 582 1124 640 endem
1155 642 1158 649 ,

89 714 95 725 ,
171 654 274 724 lingua
297 668 305 707 :
330 651 461 722 Elephas
483 662 539 719 per
560 662 663 707 acum.
693 651 863 725 Utrumque
883 651 920 706 de
944 649 984 706 iis
1007 653 1124 721 rebus,

171 723 354 808 quandam
375 730 549 795 superent,
574 728 605 779 et
626 719 695 776 fieri
716 722 790 788 vix,
815 735 852 779 ac
869 735 908 777 ne
925 721 977 778 vix
999 725 1125 793 quidem

171 803 324 924 Wlfflin
343 864 442 925 David
460 846 544 937 optat
557 857 749 934 Pssssxxxt'p.
768 869 802 920 ut
815 844 898 921 suino
910 872 938 920 et
950 863 1036 936 freno
1046 881 1123 923 con-

102 938 106 946 ’
170 938 359 1008 stringantur
372 952 483 995 eorum
493 934 629 995 maxillae
641 977 650 1003 ,
663 948 739 1006 quos
753 935 841 1006 equis
855 945 886 992 et
897 936 990 993 mulis
1008 938 1124 995 similes

99 1051 102 1067 .
171 1010 328 1071 indomitae
345 1010 528 1083 cupiditates
543 1013 610 1065 suae'
629 1008 824 1064 effecerunt»
835 1011 940 1065 Cantus
957 1008 1124 1067 oriundum

172 1094 302 1153 agraeco
315 1086 386 1149 ests·
404 1078 613 1138 retinaculum
626 1079 769 1137 indicans
783 1121 792 1148 ,
813 1080 896 1151 quod
908 1080 1010 1138 corbis
1027 1079 1127 1137 instar

68 1184 74 1195 ·
171 1168 206 1213 os
227 1153 333 1211 bestiae
351 1154 596 1227 circumquaque
615 1151 807 1210 concludit.—

202 1226 366 1293 Gnuatts„
381 1229 476 1284 comcs
487 1224 590 1295 capitis
604 1224 650 1281 tui
666 1223 727 1290 (ita
741 1224 880 1294 Sponsus
894 1224 932 1283 ad
950 1223 1123 1295 sponsam)

172 1297 247 1354 sicut
257 1312 392 1370 purpura
403 1296 483 1369 regia
495 1296 594 1353 uincta
605 1295 766 1352 canalibus.
782 1297 866 1364 cunt.
882 1306 930 1353 tur
943 1296 968 1357 5,
984 1298 1019 1350 ln
1032 1308 1127 1354 cana-

172 1370 216 1428 les
241 1369 467 1427 immittebatur
483 1383 624 1441 purpura
642 1367 727 1436 regia
753 1367 789 1423 ab
818 1364 1039 1435 infectoribus,
1066 1379 1127 1438 quo
1208 1398 1210 1401 -

173 1440 342 1498 meliusain
358 1440 435 1497 illis
457 1439 607 1498 colorem>
622 1437 812 1508 imbiberat,
844 1447 876 1494 et
904 1438 1066 1509 pulchrius
1091 1452 1129 1496 ac

172 1511 365 1585 splendidius
388 1513 592 1583 tingeretur..
784 1512 786 1515 ’

207 1583 380 1651 Carnibus.
404 1583 492 1653 Omni
504 1592 639 1654 «tempore
651 1579 710 1637 sint
727 1580 899 1638 uestimenta
915 1588 969 1636 tua
985 1578 1127 1648 candida,

173 1658 202 1711 et
221 1655 317 1710 oletum
333 1656 368 1711 de
384 1656 545 1728 capitatae
562 1670 622 1710 non
641 1652 764 1726 deficiat.
788 1652 888 1709 liccle.
906 1664 941 1708 tx
955 1653 982 1708 8.
1003 1651 1127 1709 Laetitiae

174 1726 261 1798 signa
277 1734 357 1783 sunt.
380 1724 563 1797 unguentati
575 1724 718 1784 convivia
738 1722 934 1784 celebrabant
951 1739 959 1779 ι
977 1731 1008 1780 et
1024 1729 1131 1795 restas²

174 1796 206 1855 in
223 1797 398 1870 epulatione
420 1798 567 1869 candidas
585 1796 706 1864 tuisse,
729 1810 793 1853 nou
811 1795 959 1852 Romanis
978 1798 1130 1853 tantum*'

175 1869 230 1926 sed
242 1876 273 1928 et
286 1869 421 1926 llebraeis
435 1913 445 1939 ,
459 1885 498 1929 ex
510 1869 639 1926 Philone
652 1878 762 1926 notum
772 1874 828 1924 est
842 1868 1010 1936 Animum,
1024 1836 1128 1939 quoad

175 1939 265 2008 iicet,
287 1953 411 2013 semper
426 1949 458 1999 et
474 1950 599 2005 servare
614 1939 740 2008 laetam,
763 1940 1018 2010 opressione,
1039 1938 1130 2021 salo7
1237 1977 1238 1980 η

175 2020 252 2071 mon
318 2019 357 2068 et.
790 2026 793 2035 “
895 2026 897 2030 ·
1027 2050 1031 2057 «

210 2008 494 2169 cnffbepopulo
505 2074 698 2143 bladium:
719 2082 788 2140 cani
799 2078 881 2153 effusi
896 2081 1080 2151 sustineo,
1097 2089 1128 2137 et
1236 2120 1237 2123 η

176 2144 234 2226 lpse
247 2150 412 2227 c‘grtaruuu.¹
425 2155 545 2214 ossula
557 2172 583 2225 q.
604 2152 797 2213 pedetentim
810 2152 849 2209 ad
856 2153 1019 2211 interitum
1036 2165 1130 2212 suum
1237 2205 1238 2224 q

94 2230 100 2243 “
176 2225 480 2312 accessitapopulus‚
506 2241 569 2284 non
592 2225 759 2301 sentiens:
778 2232 813 2282 ut
828 2222 923 2282 homo
944 2223 1103 2295 negligens
1118 2237 1134 2293 ‚·
1237 2225 1238 2244 l

176 2296 230 2368 qui
247 2298 571 2364 sensam-mounescit,
590 2305 810 2369 aequatamen
827 2297 1077 2369 appropinquare
1095 2308 1132 2352 se
1237 2315 1238 2318 ¹

176 2367 544 2425 tumulo'animadvertit.
696 2376 699 2383 “
1002 2388 1006 2395 ·

211 2437 411 2507 dnutstuca
420 2438 646 2495 communicatio
659 2446 762 2503 sancto
774 2435 885 2493 tomtnt
892 2436 1134 2494 aucmentum
1237 2453 1238 2464 ¹

176 2519 240 2579 quac
249 2509 414 2578 parsdt'ut'tt‘
424 2510 463 2577 orl
476 2511 660 2582 pauperent
678 2509 763 2567 {iculi
778 2520 840 2566 xttt
856 2525 910 2563 aa·
922 2511 995 2575 Quae
1009 2505 1136 2565 animo&

177 2590 249 2634 rum
264 2577 443 2650 coniunctio
462 2594 532 2637 esse
545 2581 643 2650 possit
660 2580 744 2651 inter,
762 2595 876 2650 purum
892 2585 923 2636 et
939 2578 1136 2649 impurumn
1237 2633 1238 2638 ,

177 2646 253 2719 quta
271 2663 295 2719 a
312 2662 449 2722 paupere
471 2665 598 2722 sperare
625 2650 710 2709 dives
729 2655 851 2722 queat?
874 2648 941 2709 Noli
962 2664 1059 2720 ergo,
1083 2650 1136 2708 vir
1237 2655 1238 2658 ’

176 2720 276 2789 bone,
295 2721 352 2781 sed
366 2723 496 2780 fortunae
508 2723 634 2790 tenuis,
659 2724 828 2780 amicitiam
845 2723 1063 2794 improborum
1078 2727 1132 2779 aut

93 2806 96 2812 ’
177 2790 368 2864 locupletum
380 2802 542 2865 appetere,
564 2795 618 2852 sed
629 2796 738 2852 similis
753 2796 846 2852 simili
857 2795 965 2865 gande.
981 2797 1016 2850 la
1029 2806 1133 2865 graeco

178 2863 262 2921 fonte
305 2878 340 2922 ro
356 2866 483 2923 homine
503 2874 611 2924 sancto
634 2868 727 2924 hodie
746 2876 873 2940 apparet
893 2867 1021 2938 lrymna,
1051 2866 1133 2924 mira
1236 2874 1237 2879 ’

178 2950 255 2993 saue
275 2880 491 3007 discrepantia.
507 2938 604 3007 vide,
624 2939 649 2996 si
661 2939 767 3009 lubet,
784 2940 864 2996 infra
877 2939 909 3015 in
924 2941 996 3011 voe.
1012 2943 1129 3012 llyaeaa.

212 3007 392 3065 Gnartctut.
421 3012 650 3081 Nonnunquam
667 3020 723 3080 pro
737 3011 880 3069 ludibrio.
891 3015 1006 3067 Factus
1019 3026 1085 3067 sum
1103 3011 1134 3066 in

179 3076 309 3136 derisum
318 3081 507 3154 omnipopttto
517 3099 596 3151 tneo,
609 3085 756 3140 canticum
765 3099 866 3140 eorum
877 3092 940 3140 totu
949 3085 1002 3140 die.
1015 3084 1131 3139 Thren.

179 3154 219 3207 llt
240 3154 282 3217 ab·
300 3152 429 3209 Audiuat
444 3169 591 3211 sermones
614 3163 705 3222 tutos,
728 3165 756 3212 et
774 3172 833 3212 non
852 3157 967 3226 faciunt
980 3172 1026 3212 eos
1040 3173 1050 3210 :
1066 3155 1137 3228 quia
1236 3144 1237 3167 ¹

179 3222 210 3278 iat
229 3225 376 3281 canticum
391 3224 437 3280 ori
450 3227 497 3282 sui
508 3236 628 3283 vertum
640 3227 713 3284 illos.
732 3231 781 3283 liz.
801 3239 907 3286 xxxin
919 3229 963 3283 dr.
983 3225 1136 3284 lrridendi

179 3306 274 3353 causa
293 3304 324 3353 to
342 3311 378 3354 ac
398 3311 558 3358 sermones
586 3307 656 3356 tuos
682 3299 847 3357 versiculis
867 3307 899 3356 et
919 3298 1056 3357 modulis
1073 3297 1136 3354 illi·

180 3373 272 3434 gant,
295 3369 518 3427 etmordaccm
530 3371 563 3426 in
575 3378 605 3426 te
618 3378 757 3442 satyram
770 3379 896 3428 canunt.
924 3398 928 3409 .
949 3378 953 3389 ’
1082 3430 1084 3435 ,
1126 3420 1137 3432 s

215 3438 247 3504 2)
262 3439 425 3499 canticum
441 3441 637 3500 canticorum
657 3442 841 3500 Salomonis.
862 3441 1070 3498 liebrnismus.
1082 3453 1135 3496 ex·

180 3504 356 3593 cellantiam
373 3511 514 3571 iudicans
534 3529 542 3571 τ
563 3515 653 3641 quasi
673 3515 785 3582 dicas,
814 3514 976 3571 Canticum
993 3510 1136 3570 omnium

180 3582 478 3657 praestanttssimum.
498 3589 534 3641 ln
556 3601 575 3657 p
589 3586 714 3657 erisque
735 3585 876 3654 Vulgata·
889 3585 1072 3643 editionibus
1087 3581 1136 3638 la-

148 3700 152 3705 ,
180 3650 246 3728 imo
258 3648 346 3728 titulo
357 3652 522 3714 hebraicus
541 3656 680 3727 additur,
700 3657 749 3713 Sir.
761 3658 895 3714 busirim.
921 3657 980 3714 sed
992 3669 1063 3712 vera
1078 3653 1138 3710 lre-

181 3711 294 3776 braiose
309 3727 574 3794 pranmuauoms
591 3727 672 3791 ratio
691 3730 893 3800 poscttscutr
915 3726 1133 3789 nascentiam
