2475 4034
120 177 123 181 .
154 109 226 159 sao
416 89 607 155 insanas.
663 86 815 155 Joansn.

171 204 272 264 liciter
278 201 402 262 tribuas
416 218 430 261 a
438 217 540 274 neque
552 203 637 263 esaim
655 201 689 258 iu
702 217 803 272 greco
821 201 929 273 ipsius,
938 200 1031 263 Pauli
1043 212 1101 265 vo*

150 220 268 336 fumiae
290 276 379 332 toties
399 274 543 332 Divinum
565 273 642 330 illud
658 288 774 332 nomen
799 274 959 344 occurrit,
981 275 1100 350 quotim

150 347 246 406 latine
257 347 289 403 in
302 345 438 404 Paulinis
452 343 587 416 epistolis
601 345 720 413 legitur.
1071 416 1073 419 ι

185 421 224 487 il
241 420 323 475 Deus
341 422 441 474 lestis.
459 418 602 473 inuitabo
614 417 644 471 in
657 420 715 471 Deo
726 420 795 472 ,lesu
806 431 879 474 meo.
903 416 980 476 nab.
999 427 1039 475 ιιι
1055 416 1099 476 rt.

151 487 316 558 hebraice,
337 490 368 545 iu
383 491 448 546 Dee
469 487 575 545 salutis
595 502 681 544 meaa.
706 489 897 558 Quapropter
915 502 1009 546 sensu
1022 488 1105 548 litte·

151 560 209 619 rali
223 563 305 618 Deras
321 569 356 617 ut
375 558 480 617 salutis
499 559 601 616 omnis
625 559 735 616 unicus
756 566 864 618 auctor
882 559 1102 630 intelligendus

151 639 207 699 est.
236 632 429 701 nllegerice,
450 631 597 705 cbristus.
622 630 764 687 Suaviter
783 630 995 701 Augustinus,
1016 632 1104 702 posi-

150 711 219 762 tum
231 716 300 760 esse
317 704 349 759 in
362 702 465 759 latinis
477 702 636 759 codicibus
650 702 726 759 illud
743 712 879 770 nomen,
903 703 981 774 quod
997 712 1103 762 estne-

152 775 192 831 bis
207 773 327 830 amicius
346 783 375 830 ct
390 774 500 829 duetus
515 774 675 830 nominare.
690 772 710 830 l.
729 773 761 826 18
774 773 812 830 de
822 773 886 831 Civ.
900 774 973 841 liei,
987 788 1014 832 e.
1030 775 1075 832 ba.
1102 796 1107 803 ’

187 846 225 915 bl
246 847 336 903 lesus
349 859 405 916 pro
419 847 522 903 losue.
542 848 625 902 neus
641 845 811 918 temporibus
826 845 900 901 Jesu
930 846 1103 919 rccipitavit

152 914 273 974 Iericho.
297 921 323 974 i.
338 915 437 976 Maeli.
456 927 504 973 ιιι
523 919 571 983 15,
586 921 688 974 Patres
703 917 797 973 nostri
815 932 881 973 cum
912 931 985 985 esua,
1003 918 1106 990 inquit

152 990 324 1060 Stephanus
334 990 366 1046 in
377 989 524 1060 praeclara
539 1005 593 1045 sua
610 989 764 1055 oratione,
779 990 844 1046 Aet
860 987 1109 1057 v11453idest,

152 1074 226 1118 cum
237 1063 331 1118 Josua
344 1060 431 1118 duce.
452 1062 544 1117 Fortis
557 1062 587 1116 in
599 1062 761 1117 bettonam
774 1070 858 1122 Nune.
875 1060 968 1117 Eecli.
985 1070 1061 1118 ιιιι
1075 1076 1110 1117 ι.Δ

152 1134 215 1189 cur
227 1141 332 1190 autem
343 1134 457 1200 losue,
473 1133 525 1203 qui
543 1133 601 1188 fuit
619 1132 700 1190 iilius
714 1135 800 1201 Nun,
821 1131 884 1190 hoe
895 1131 965 1190 loco
982 1132 1103 1191 dicatur

152 1205 253 1270 Nave,
272 1203 479 1273 disputabitur
492 1207 564 1260 voc.
580 1209 663 1260 Naue.

188 1277 356 1331 tmunust
391 1275 541 1332 Hebraiee
567 1289 675 1332 semen
701 1274 769 1331 nei.
794 1275 872 1332 Urbs
893 1272 1048 1345 insignis,
1071 1283 1104 1332 et

153 1355 245 1416 caput
256 1348 363 1402 decem
375 1346 530 1413 tribuum,
552 1346 650 1401 instar
666 1347 834 1414 samarias,
852 1360 921 1417 quae
935 1346 994 1403 init
1007 1345 1101 1404 abere

153 1430 262 1473 eorum
275 1415 473 1485 metropolis,
493 1424 528 1473 ut
544 1418 585 1473 ait
598 1418 816 1489 Hieronymus.
831 1419 881 1474 οε.
898 1419 939 1482 td
954 1417 1104 1488 accipitur

153 1494 287 1557 protota
304 1486 448 1555 regione,
467 1489 688 1544 ritterusalem
709 1488 825 1563 passim
845 1497 986 1559 prototo
1006 1503 1104 1559 regite

152 1558 240 1615 luda.
261 1558 385 1615 Visitnbo
402 1560 574 1628 sanguinem
590 1559 722 1615 Jezreitel
733 1576 819 1628 super
834 1561 953 1616 demum
967 1563 1054 1629 debu,
1073 1572 1103 1617 et

153 1630 297 1702 quiescere
313 1631 421 1702 [ceiam
441 1645 566 1701 regnum
584 1631 685 1686 domus
703 1632 802 1688 lsrael.
825 1631 956 1705 rpeiam
975 1633 1103 1697 demunt

150 1702 254 1769 Jebu,
272 1716 311 1759 ex
324 1715 382 1772 qua
398 1701 461 1759 nati
479 1719 567 1773 reges
585 1718 680 1773 pravo
700 1717 756 1760 suo
773 1703 932 1773 exemplo,
947 1710 978 1759 et
992 1703 1104 1761 vitulo-

153 1788 226 1831 rum
240 1788 405 1831 aureerum
416 1774 669 1845 conservatione,
689 1773 811 1832 Israelis
828 1788 927 1842 regne
945 1774 1109 1833 calamita-'

153 1853 219 1903 tem
231 1845 406 1903 animorum
427 1855 642 1918 etcorporum
661 1845 839 1903 intulerunt
860 1845 980 1903 idcireo
991 1845 1104 1903 delebo

156 1915 270 1975 solium
282 1917 405 1975 israelis
419 1915 556 1989 regium,
571 1926 602 1975 et
612 1928 762 1975 concnam
772 1932 878 1975 arcum
891 1918 982 1974 lsrael
995 1918 1025 1973 in
1033 1920 1107 1975 ualle

154 1989 295 2045 Jezruttei.
318 1987 392 2046 ibid.
422 2004 450 2047 v.
475 1992 504 2047 5.
527 1988 563 2047 ln
590 1989 672 2048 valle
693 1988 826 2048 maxima
852 1989 937 2046 urbis
965 1989 1106 2049 lezrabel

154 2059 359 2118 commissum
385 2068 432 2118 est
452 2060 660 2121 decretorium
682 2075 757 2120 cum
784 2061 917 2132 Assyriis
943 2060 1103 2131 praelium,

155 2144 217 2204 quo
228 2132 324 2189 fracta
336 2139 384 2188 est
398 2133 607 2191 israelitarum
623 2132 902 2204 perennandum,
925 2142 957 2189 et
974 2147 1107 2204 regnum

156 2202 328 2262 aelibertas
342 2205 374 2261 iu
387 2213 570 2277 perpetuum
579 2205 705 2263 amissa.
973 2233 975 2239 s
1048 2234 1050 2241 ⁴

190 2277 227 2359 ².)
243 2278 375 2403 lcllqgiam
388 2278 453 2335 dies
463 2276 612 2335 imrabel.
634 2279 683 2334 0s.
703 2287 716 2333 ι
734 2271 787 2334 ult
803 2275 966 2335 Adventus
985 2275 1108 2334 bibera-

154 2353 232 2404 torrs
290 2348 366 2403 rsti.
392 2400 396 2407 ,
822 2386 825 2392 .

188 2417 344 2474 loannes.
368 2411 589 2484 Latiue'dieas,
609 2417 771 2488 gratiosus.
792 2419 965 2484 lleeeptum
980 2416 1107 2488 quidem

119 2502 120 2505 ¹
156 2488 237 2558 apud
256 2500 314 2544 nos
338 2502 431 2545 nsum
451 2488 606 2546 scribendi
622 2503 756 2560 sequor,
778 2502 980 2559 nequaquam
1001 2496 1108 2545 tamen

153 2557 296 2627 improbo
309 2570 383 2625 eos,
403 2558 457 2629 qui
476 2563 620 2615 inmanes
635 2559 803 2617 scribunt:
827 2558 946 2615 etenim
958 2559 1109 2628 perite-ae

153 2640 228 2684 vere
240 2626 400 2687 admonuit
411 2630 561 2700 Georgius
575 2630 723 2687 wicelius
741 2630 774 2687 in
792 2629 992 2691 onomastieo
1004 2630 1110 2687 cbris-

152 2699 487 2767 daau,c1asse1,voe.
501 2701 849 2770 Jobanms,bebraieam
857 2699 994 2758 litteram
1003 2704 1105 2770 coeat,

154 2770 206 2828 eui
216 2770 314 2827 latini
323 2771 974 2850 subrogarelenioremsuamaspiratienem
983 2783 1106 2841 amant,

156 2842 195 2901 ad
206 2841 297 2909 buius
309 2844 451 2902 vocabuli
463 2845 600 2905 radieem
610 2846 656 2903 sic
668 2843 1107 2918 pertinere,utabsquelllius
1231 2862 1232 2865 ¹

155 2929 214 2986 ope
227 2930 266 2973 ne
278 2915 563 2986 interpretationem
574 2918 701 2991 quidem
713 2917 811 2975 ullam
823 2915 974 2976 admittat.
1118 2929 1123 2937 ·
1151 2941 1153 2947 ·

190 2989 264 3046 lon.
284 2991 328 3044 lta
347 2989 454 3046 scribit
470 2990 615 3061 Vulgata,
632 2990 847 3050 auctoritatem
868 3000 933 3046 ιιι
951 2994 1036 3047 reete
1058 3003 1109 3048 se·
1144 3000 1147 3007 ’
1231 3016 1232 3025 1

157 3066 236 3115 enta.
258 3062 361 3130 Neque
373 3059 505 3129 horum,
518 3075 619 3133 neque
631 3061 834 3121 Hebraeorum
846 3059 976 3129 vestigia
990 3067 1110 3118 sectan-

157 3138 207 3186 tur
224 3130 287 3198 illi,
305 3131 358 3202 qni
369 3133 439 3190 flieb
452 3133 609 3202 scribunt,
631 3140 663 3191 et
683 3148 757 3191 eum
770 3133 958 3204 aspiratione
970 3144 1108 3205 pronun-

156 3203 252 3268 tiant,
270 3217 340 3273 quae
352 3202 390 3260 ab
401 3203 547 3262 hebraico
557 3206 620 3263 Jioo
631 3245 640 3271 ,
653 3212 715 3261 uta
729 3219 831 3274 graeco
842 3206 895 3260 Job
908 3202 1005 3261 abest.
1108 3234 1125 3247 „
1230 3258 1231 3267 ,

192 3273 335 3332 lenanu.
349 3276 433 3333 Deus
445 3275 485 3335 ad
492 3275 662 3334 teremiam
675 3290 684 3332 t
701 3279 773 3333 cem
786 3284 886 3332 autem
898 3275 929 3330 in
940 3283 1021 3332 terre
1030 3275 1109 3348 pacis

157 3358 276 3401 securus
288 3346 378 3416 frenis
389 3385 401 3415 ,
412 3344 482 3419 quid
491 3347 579 3419 facies
592 3347 623 3402 ia
633 3348 768 3416 superbia
778 3344 936 3404 deunis?
946 3347 1008 3402 Jer.
1020 3356 1067 3402 ιιι
1080 3348 1107 3404 5.

159 3415 191 3469 Sl
204 3417 403 3486 conquereris
417 3417 456 3474 de
465 3416 618 3473 Anatbotla
631 3418 728 3487 patria
747 3426 817 3485 tua,
833 3416 946 3487 oppido
957 3416 1069 3486 exiguo
1079 3425 1111 3472 et

158 3484 278 3570 quieto,
301 3486 334 3542 in
348 3501 409 3557 quo
418 3502 487 3544 esse
498 3487 554 3545 tibi
564 3489 633 3545 sine
642 3488 781 3558 periculo
797 3497 829 3544 et
842 3502 917 3545 cura
932 3487 1026 3570 lieet-t
1037 3487 1111 3570 qnid

159 3553 252 3632 iactes
266 3564 346 3611 inter
362 3559 471 3613 ductus
482 3559 566 3613 urbis
579 3558 752 3617 Jerusalem
766 3600 774 3627 ,
787 3557 872 3631 paris
890 3557 1036 3629 lordum,
1049 3572 1111 3618 tttt·

157 3620 262 3677 bubus
278 3631 309 3680 et
320 3625 491 3696 liquefactis
505 3629 626 3687 nivibus
640 3638 731 3688 aneto
745 3633 759 3685 i
