2475 4034
300 99 304 103 ¹
363 120 571 198 Iustinum.-
617 127 816 201 terrun·
962 152 1045 228 ‘sep

89 244 153 307 cibi
164 250 252 319 putat
265 241 323 304 sibl
334 243 533 304 interdictum
554 257 563 302 t
576 241 609 323 is
619 246 757 307 oleribus
770 253 915 309 vescatur
924 249 1045 325 potius,

90 333 187 393 quam
201 317 312 389 quibus
325 315 365 374 ali
376 318 464 374 nefas
476 330 546 374 esse
558 317 725 377 existimat.
756 344 758 349 v

126 395 311 449 luminii).
332 389 485 461 Eioqnittnt
496 389 610 447 Domini
622 389 816 462 inflammavit
833 404 908 449 rum.
925 392 975 451 Pa·
990 401 1064 452 (liv-

4 464 5 469 ’
93 481 136 534 sp
158 461 295 518 verbum
307 459 867 535 neiiosephumsuoignepurgavit

127 536 322 593 luennutott.
339 533 472 591 lenonio
486 532 529 593 tui
542 535 690 591 Saintes:
709 544 737 590 et
750 550 808 595 non
818 529 1048 604 ingrediamini-

90 614 193 663 tutent.
203 607 252 662 0s.
262 612 333 673 κιρ.
348 602 416 661 lton
425 602 563 661 transibo
576 605 614 661 ad
624 613 748 674 gentem
754 613 807 664 ant
814 607 926 663 urbem
935 604 1046 674 aliam,

4 680 6 689 ’
89 676 180 736 vobis
191 675 319 734 omnino
330 675 474 748 rejectis;
487 677 612 733 doneca
627 677 747 735 christo
757 678 925 737 aediticetur
934 676 1047 736 civitas

89 763 173 807 nova
182 747 373 814 Jerusalem,
386 748 421 805 in
434 752 528 820 qnam
540 747 642 819 ipsam
654 757 759 806 tamen
769 756 801 806 et
812 749 899 809 vobis
909 747 1046 808 Hebraeis

4 828 5 845 ³
92 833 239 879 accessus
253 819 378 890 patebit.

130 892 166 958 2)
182 894 303 962 lmpetu
316 889 448 960 ingredi
473 890 529 961 Qui
544 886 754 964 ingrediuntur
766 891 875 963 impetn
886 887 1026 965 adducto
1034 933 1046 963 ,

90 961 205 1036 florebit
222 971 251 1019 et
261 964 442 1037 germinabit
454 965 560 1031 irruit,
581 968 610 1020 et
627 964 782 1035 implebunt
794 965 900 1035 sacient
910 965 987 1021 orbis
1000 981 1048 1021 se·

91 1035 176 1090 ndns.
199 1038 238 1090 ls.
255 1045 347 1092 xxvtt
358 1036 387 1087 e.
412 1035 691 1106 Apostolildessiae‚
704 1035 828 1106 spiritus
840 1035 1044 1106 impetuactn

90 1105 240 1167 lsraelem
254 1107 493 1179 aggredientur,
511 1114 543 1163 et
560 1106 758 1164 illollorente
777 1122 813 1165 ac
830 1106 1044 1176 germinante,
1077 1106 1080 1111 “

4 1236 5 1247 ,
89 1179 195 1236 iructn
209 1184 241 1234 et
262 1179 394 1248 posteris
414 1186 514 1239 totum
536 1179 645 1236 orbem
665 1179 848 1249 implebunt.
873 1180 921 1236 dn
943 1186 1047 1237 autem
1110 1208 1113 1217 ,

4 1250 6 1305 ἶ
91 1253 140 1319 (v.
157 1269 172 1319 7
184 1251 194 1318 i
212 1249 347 1307 rebelles
359 1249 478 1317 indari,
499 1251 552 1321 qui
564 1251 669 1321 ipsum
681 1253 782 1307 mum
795 1251 962 1308 Hominem
974 1264 1046 1321 per·

4 1328 6 1353 t
89 1321 740 1393 euaserunt,eiusqucserrosocciderunt,
754 1321 1046 1394 vicissimpereussi

87 1406 153 1453 non
176 1395 273 1450 suuti
293 1394 439 1452 Nondum
456 1406 674 1452 sr'ooncessum
696 1401 743 1453 est
764 1392 952 1466 poenitentiae
973 1409 1046 1465 spa-

4 1508 6 1535 :
87 1466 193 1533 tium;
214 1463 269 1522 sed
289 1463 350 1523 hoc
371 1464 477 1536 elapso
504 1465 600 1535 (ui)
632 1467 825 1538 synagogam
850 1464 1045 1537 repudiatam

89 1536 213 1607 abjiciet
225 1539 328 1604 Deus,
348 1551 385 1593 ac
397 1544 465 1594 tum
477 1537 986 1609 promeritoetaequatimensurs
998 1550 1046 1594 re-

89 1608 227 1674 tribuet,
244 1608 387 1680 iramque
399 1609 522 1679 pcidem
534 1616 719 1682 conceptam
733 1609 830 1667 semel
841 1609 990 1669 effundet.

125 1684 305 1748 lmoutras.
327 1682 393 1748 Quo
405 1693 502 1737 sensu
518 1680 692 1738 meliorsit
708 1680 845 1754 iniqnitas
856 1681 932 1748 oiri,
953 1694 1045 1750 quam

88 1752 195 1819 mulier
207 1752 405 1837 benefaciens,
428 1750 521 1809 Eccli.
536 1762 605 1808 xutt
621 1753 672 1821 ri,
689 1752 752 1809 dixi
765 1755 838 1810 voc.
854 1752 1043 1821 benefaciens.

126 1825 162 1892 2)
185 1822 334 1894 iniquitas
349 1822 526 1880 sanctuarii.
542 1824 589 1880 ltd
601 1826 756 1881 Aaronem
768 1832 800 1881 et
810 1820 890 1883 tilios
900 1821 973 1879 dicit
985 1824 1045 1880 Do·

4 1936 10 1943 ‚
86 1894 1045 1967 miuus:Rortoiitisiniqnitatetnsnnctnarii--·-snstinebitis

87 1967 370 2039 mrcatosocerdotii
380 1966 478 2025 uestri.
490 1969 578 2024 Num.
596 1977 679 2023 tvm
689 1984 712 2022 t.
725 1966 757 2023 si
765 1964 839 2037 quid
847 1965 880 2023 in
890 1964 951 2024 ritu
957 1979 1046 2030 sanc-

89 2039 199 2108 suarii,
222 2046 276 2097 aut
295 2048 403 2103 contra
425 2036 594 2095 sacerdotis
612 2037 750 2094 officium
770 2036 969 2110 peccabitur,
988 2052 1045 2097 vos

89 2123 197 2182 poenas
211 2109 331 2169 dabitis.
357 2108 416 2179 Qui
434 2108 576 2167 hocloco
588 2108 742 2167 sacrificia
754 2107 959 2181 propeccatis
976 2107 1044 2167 iteri

89 2181 181 2311 sintita
193 2181 427 2255 innumerum,
442 2180 625 2241 adverbum
637 2180 813 2239 sustinebitis
824 2192 936 2253 parum
948 2185 1047 2238 auen«

111 2262 211 2313 erunt.
1043 2303 1046 2307 .

128 2325 163 2395 ὅ)
182 2324 521 2399 iniquitatemponere.
548 2324 749 2398 iniquitaten,
769 2321 975 2397 iniquitaten,
987 2319 1046 2380 ini·

89 2398 234 2469 quantem
243 2413 353 2470 ponam
364 2415 449 2468 eam,
473 2411 547 2457 cnm
564 2398 724 2465 venietis,
738 2397 822 2468 cnjus
835 2395 1043 2467 estjudiciasm

88 2471 230 2531 Messias.
255 2473 304 2527 lta
317 2481 377 2528 sixt
387 2487 434 2540 tt·
449 2472 514 2529 vox
527 2469 672 2528 hebraica
685 2470 802 2537 iudicat
815 2481 883 2526 rem
896 2468 1047 2539 deprava·⁴

88 2549 175 2609 tam,
201 2541 382 2608 distortam,
402 2541 589 2599 inclinatam.
617 2544 810 2613 Quapropter
832 2538 937 2598 locum
959 2538 1043 2597 bunc

7 2654 8 2679 2
89 2612 242 2673 subtiliter
254 2613 349 2684 aliqui
360 2614 405 2671 sic
420 2614 683 2684 interpretantur,
704 2613 850 2684 quonium
864 2625 953 2681 reges
963 2612 1047 2669 tiara·

87 2692 192 2752 recta,
203 2684 314 2755 privati
323 2684 448 2756 obliqua
457 2685 655 2755 tegebantur,
676 2685 789 2743 minari
796 2686 914 2752 Deum,
926 2697 960 2740 se
973 2697 1043 2741 seu-

89 2756 152 2815 sim
167 2757 235 2813 sine
246 2771 341 2814 sensu
353 2757 484 2815 cidarim
497 2771 534 2813 ac
546 2757 657 2813 tiaram
673 2756 771 2824 gentis
785 2754 937 2813 hebraicae
949 2753 1042 2824 depo·
1118 2756 1121 2765 '

89 2827 240 2895 siturum,
252 2828 293 2887 ita
308 2835 342 2885 ut
352 2826 480 2886 omniuo
492 2828 591 2897 jaceat
602 2825 746 2884 veniente
757 2826 881 2882 Massia.
898 2824 958 2881 sed
967 2823 1046 2880 vul-.

89 2906 160 2969 gata
173 2899 290 2970 optime
299 2900 482 2986 iniquitatem
493 2898 595 2970 ponit,
608 2910 734 2953 morum
743 2897 926 2966 pravitatem
940 2895 1042 2952 decla·

88 2986 179 3041 rant,
193 2986 286 3042 quam
299 2971 390 3042 butus
402 2968 546 3041 vocabuli
554 2967 797 3024 radixhebraica
803 2966 920 3037 passim
928 2964 1000 3022 aiibi
1009 2966 1043 3023 in

88 3038 204 3112 rapina
217 3042 327 3115 Divina
341 3043 511 3113 significat,
523 3041 637 3111 quique
648 3053 758 3095 sensus
767 3037 896 3121 proinde
905 3037 1044 3121 maxime

89 3114 232 3187 proprius
245 3122 302 3172 est
330 3115 442 3173 omitto
455 3113 530 3179 alia,
555 3125 623 3183 qttae
635 3109 834 3181 explicationi
845 3107 891 3164 illi
903 3106 1043 3191 debeatne

89 3186 205 3259 opponi
204 3186 336 3314 ιά123τίῑο
355 3193 500 3259 possent·
517 3185 702 3245 contextum
726 3187 826 3238 totum
849 3191 989 3251 propono
1008 3192 1042 3235 in

89 3261 164 3316 voc·
182 3259 215 3314 c·
271 3259 306 3314 iso
390 3268 392 3273 X
794 3276 798 3281 ’

125 3332 266 3402 intutum.
282 3332 343 3391 Pro
353 3323 535 3401 principatu.
550 3329 595 3384 lle
605 3339 662 3396 ape
676 3341 684 3382 ε
697 3320 813 3383 initium
824 3318 949 3404 dulcoris
959 3317 1049 3377 nabet.

89 3402 206 3473 fructus
219 3401 304 3459 iliius.
320 3400 412 3459 Eccii.
427 3412 463 3458 xt
476 3398 501 3467 3,.
523 3398 602 3466 Mel,
621 3397 674 3469 qui
685 3395 805 3452 iructus
818 3402 866 3450 est
878 3407 960 3464 apts,
975 3391 1048 3447 dul<

88 3472 209 3539 cediuis
229 3473 439 3545 principatum
455 3471 593 3535 obtinet;
613 3483 665 3526 res
682 3476 730 3525 est
748 3466 886 3523 dulcium
905 3462 1044 3547 omnium

90 3542 284 3602 dulcissima.
302 3544 452 3616 injudicio
464 3542 517 3601 Dei
528 3556 616 3612 opera
628 3540 689 3611 dtu
703 3539 740 3594 ni
753 3539 839 3596 initio
849 3577 860 3604 ‚
872 3545 901 3593 et
913 3538 949 3593 nb
960 3543 1048 3620 tostus-v

88 3617 204 3673 tutione
215 3610 344 3687 ipset-usn
356 3615 488 3673 distinxit
498 3622 596 3684 portes
609 3612 745 3666 iliorum.
764 3619 792 3665 et
804 3609 1001 3691 initiatorum
1012 3621 1043 3691 sn

89 3688 223 3762 pentibus
236 3688 305 3746 sun.
323 3687 415 3749 lircil.
429 3697 486 3748 aut
498 3686 543 3740 at.
558 3686 640 3747 Deus
654 3682 740 3739 initio
754 3694 877 3740 summa
890 3683 1044 3752 saptenua
