2475 4034
181 105 252 219 394
501 118 634 200 Usene-
684 118 798 192 Uxor.

209 240 248 308 2)
263 231 535 306 urbsinrtitudinis
545 253 554 302 ;
565 234 586 291 i.
601 250 629 292 e.
643 234 861 294 munitissime.
876 235 1126 298 Suiumdadiut'·
1213 263 1214 306 4

177 312 231 380 tis,
245 308 1134 381 urbsfortitudinisejus:puncrrpaupertare,egestosenrunt.¹
1213 309 1214 330 *

175 387 265 441 Pron.
279 393 301 440 x
317 383 358 438 15.
371 381 463 438 Diviti
476 379 710 437 suae'racnitates
723 389 796 438 sunt
806 380 892 439 velut
901 383 975 439 urbs
987 382 1099 442 vallata
1115 403 1132 453 3·

175 469 271 529 opum
280 454 365 511 enim
378 466 506 510 suarum
519 450 631 510 fiducia
644 452 750 516 nititur
764 469 772 510 a
789 460 819 509 at
830 467 949 525 pauper
960 454 1024 524 ipsa
1037 470 1129 524 eges·

175 527 246 584 tatis
259 542 323 583 suae
332 523 519 584 conscientia
531 523 658 601 timidus
668 533 723 581 est.
741 525 810 592 Urna
821 526 1003 596 fortitudinis
1016 537 1130 585 nnana

176 601 244 656 δὶοπ
259 599 403 655 senator.
424 595 462 652 is.
477 604 555 652 xxvi
572 597 594 651 i.
609 597 738 652 Messias
751 597 817 669 ipse
833 605 881 654 est
895 597 1129 658 munimentum

175 677 340 737 nostrum,
362 665 436 726 urbs
451 674 556 724 nostra
574 667 763 734 validissima
780 710 788 735 ,
814 669 888 726 Sion
902 676 935 725 et
950 670 1128 732 Jerusaiem

176 750 292 803 nostra.
1124 786 1129 798 ,

184 822 187 834 ¹
211 817 327 882 iisoun.
347 817 493 881 Non'est,
513 812 563 885 qui
577 811 671 882 faciat
689 812 818 879 bonnm,
843 821 1069 885 mestusque
1085 816 1127 871 nd

176 901 275 1016 gnum
295 890 344 942 Ps.
366 896 429 942 xru
449 902 460 937 ι
477 891 509 940 et
523 885 549 939 ὅ.
570 882 715 942 hebraica
732 885 884 942 rotunde:
902 899 943 942 ne
959 899 1040 942 unus
1057 885 1130 956 qniq

196 973 256 1015 em·
1001 989 1006 992 .

211 1033 394 1098 Uspnnpuo.
412 1029 686 1113 Usquequoneniant
694 1028 791 1101 popuii
799 1070 809 1095 ‚
821 1034 879 1085 ete.
894 1028 986 1085 zach.
1001 1040 1063 1086 vui
1077 1046 1123 1088 ao.

176 1102 341 1174 Sequentia
361 1101 387 1158 si
402 1101 572 1172 respicias,
594 1101 730 1170 pendere
748 1115 856 1162 sensus
875 1100 1049 1168 ridebitur3
1068 1104 1129 1160 sed·

175 1178 249 1230 eom
269 1172 422 1244 prioribus
442 1180 532 1230 necte
552 1188 560 1228 τ
579 1169 741 1230 'tollentur
761 1180 863 1229 restra
882 1171 1019 1243 ieiunia,
1041 1174 1125 1231 etin

133 1249 138 1255 '
174 1245 312 1309 laetitiam
323 1245 546 1310 mutabuntur3
564 1245 629 1300 sive
641 1245 679 1302 ob
693 1244 940 1306 Maehabaeornm
952 1243 1119 1320 notorias,

176 1318 240 1392 sive
253 1316 328 1374 aiios
342 1316 381 1373 ob
395 1321 522 1373 eventus
535 1327 700 1387 prosperos
715 1332 722 1373 :
741 1331 904 1392 toposque,
920 1316 941 1380 i.
958 1331 986 1372 e.
1001 1316 1121 1385 donec,

175 1387 303 1445 felicitas
318 1388 461 1445 omnibus
475 1388 613 1444 numeris
633 1387 770 1454 absoluta
783 1388 901 1445 oriatur
913 1402 969 1459 per
981 1390 1123 1459 Evange-

174 1460 251 1517 lium
264 1500 274 1526 ‚
291 1472 364 1515 cum
377 1473 486 1515 omnes
497 1460 604 1534 popuii
616 1458 656 1515 ad
668 1460 813 1518 Messian]
829 1461 993 1517 contiueat.

212 1533 349 1588 [inundo.
368 1529 436 1586 Eliu
449 1530 487 1587 ad
498 1531 611 1587 tonum
622 1531 664 1587 ait
684 1548 693 1589 ε
710 1536 852 1589 coarctat
864 1532 1037 1608 nuspiritns
1049 1534 1126 1589 uteri

174 1596 416 1660 metuentium
429 1603 470 1657 ιδ.
480 1602 623 1659 hebraice
631 1645 639 1670 ,
647 1604 840 1660 ventrismei.
849 1605 967 1660 Nomen
976 1604 1125 1674 honapnd

175 1675 321 1731 liebraeos
335 1682 454 1734 tantum
468 1673 553 1730 abest
566 1681 600 1730 ut
614 1690 756 1732 crassum
769 1674 884 1747 aliquid
900 1675 1028 1742 habeat,
1047 1688 1122 1733 cum

175 1745 384 1816 metaphorice
402 1744 583 1811 adhibetur,
605 1755 640 1802 ut
656 1747 737 1804 inter
756 1754 932 1803 venustates
949 1747 1124 1804 etiamnu-

175 1825 339 1945 mersstur,
361 1815 622 1888 quemadmodum
641 1818 723 1890 apud
740 1819 863 1877 Latinos
878 1828 977 1888 pectus
994 1825 1027 1875 et
1042 1830 1120 1890 pro-

175 1905 227 1947 cnr
257 1906 285 1945 α.
795 1915 802 1926 -
861 1919 863 1924 ·
968 1901 978 1922 ¹

210 1964 247 2030 2)
266 1965 310 2017 Ex
324 1972 407 2036 utero
418 1970 487 2018 unte
498 1961 652 2033 luciferum
663 1963 752 2035 genui
764 1972 799 2020 te.
819 1961 868 2019 Po.
886 1973 943 2020 cix
954 1962 980 2019 5.
998 1964 1065 2020 Vox
1075 1970 1125 2020 est

174 2032 273 2091 Patris
288 2034 395 2092 aeterni
410 2033 448 2091 ad
459 2034 593 2102 Filium,
609 2036 769 2102 indicans,
789 2035 1043 2108 ossigenium
1054 2036 1123 2091 sub·

174 2106 288 2162 stantia
301 2107 364 2178 ejus
376 2147 385 2175 ‚
402 2105 451 2178 qai
462 2107 569 2163 dicitnr
579 2108 713 2179 genuisse
728 2123 765 2163 ee
782 2115 866 2163 utero
878 2147 887 2173 ‚
908 2115 937 2163 et
951 2109 1012 2172 ,etsi
1022 2121 1124 2182 verum

174 2187 203 2234 et
220 2180 387 2235 naturalem
406 2179 499 2249 [dium
519 2179 579 2249 eius
598 2195 609 2233 .·
628 2188 663 2235 ut
683 2179 783 2251 inquit
800 2177 1001 2250 (laetissimus
1021 2181 1124 2238 Bendi-

174 2250 274 2309 dictus
287 2248 429 2308 Pererius
448 2258 469 2307 t
484 2252 502 2311 lt
515 2250 624 2308 select.
643 2251 761 2322 Disput
778 2249 812 2307 in
828 2253 858 2308 S.
878 2251 990 2321 script.
1003 2249 1039 2308 io
1049 2263 1077 2308 n.
1093 2267 1119 2306 1.

174 2325 288 2393 Evang.
307 2325 395 2381 ioan.
414 2322 497 2392 nisp.
518 2324 563 2386 aa.
582 2337 614 2379 n.
636 2324 705 2391 158,
725 2323 872 2393 additque
882 2321 1016 2394 exempli
1029 2335 1124 2380 cause

149 2454 151 2458 ,
173 2393 252 2450 iilud
272 2393 413 2464 ejusdem
433 2393 557 2451 Davidis
576 2395 614 2452 de
637 2393 791 2454 Absalone
816 2411 823 2451 :
843 2395 930 2453 Filius
948 2409 1032 2452 niens
1044 2434 1057 2461 ,
1072 2394 1126 2467 qut

174 2480 305 2537 egressus
319 2474 362 2521 est
376 2466 411 2521 de
426 2474 510 2521 uteru
524 2481 596 2521 meo.
612 2469 640 2523 2.
662 2470 733 2537 Reg.
755 2478 813 2525 xvi
829 2485 871 2523 ιι.

199 2539 285 2593 'livit
305 2540 407 2592 Patres
419 2536 606 2593 comederunt
619 2554 705 2595 unam
716 2539 876 2607 acerbam,
895 2549 924 2597 et
940 2539 1036 2597 uesta
1048 2536 1124 2608 diie-

172 2610 457 2678 rnmobstupescunt.
469 2611 516 2665 liz.
529 2620 648 2667 aviti-r.
663 2611 865 2669 Proverbium
873 2611 1124 2681 hunverbisprn·

173 2679 249 2751 priis
261 2680 421 2738 chaldaeus
435 2682 535 2738 reddit
549 2697 557 2738 :
573 2685 682 2740 Patres
695 2693 925 2754 peecaverunt,
943 2691 975 2740 et
988 2681 1043 2740 iiiii
1053 2696 1124 2759 per·

169 2751 258 2809 eussi
269 2758 349 2810 sunt.
365 2753 491 2823 Legitur
508 2753 569 2812 hoe
585 2753 729 2826 adagium
741 2755 835 2814 etiam
847 2759 910 2813 ter.
934 2763 1018 2812 xxxi
1035 2770 1078 2824 ²9·

208 2826 310 2883 iinon.
325 2826 410 2898 Fugit
422 2825 510 2881 Jacob
522 2826 552 2892 in
564 2827 713 2900 regionem
724 2828 830 2899 Syrie,
841 2826 1121 2898 Mesopotamiam,

169 2905 202 2953 et
212 2897 327 2955 servivit
338 2900 428 2954 israel
437 2898 468 2954 in
481 2914 621 2965 accoron,
634 2913 691 2970 pro
703 2914 818 2966 uxore,
832 2908 960 2976 propter
969 2910 1101 2958 uxorem
1107 2935 1123 2963 ι,

170 2977 203 3024 et
217 2970 247 3024 in
264 2985 385 3027 uxoren
397 2972 543 3037 sanavit,
559 2971 665 3030 uxoris
680 2985 784 3029 amore
791 2986 907 3042 greges
921 2970 1038 3028 dabani
1054 2984 1127 3027 cus-

172 3040 270 3098 todiit.
293 3044 343 3100 os.
364 3053 414 3100 xn
435 3060 476 3101 ια.
509 3043 601 3100 codd
626 3042 829 3114 quidampro
847 3044 999 3102 vocabulo
1014 3041 1129 3099 ultimo

172 3112 287 3171 hahent
305 3129 431 3182 rursum
453 3116 593 3184 serutari,⁸
617 3116 672 3173 sed
686 3115 1014 3187 eos'norruptissimos
1034 3120 1130 3171 vocat

173 3185 390 3259 Hieronymus.
409 3189 489 3244 sane
501 3185 645 3244 hebraica
660 3196 793 3258 poscunt
806 3189 939 3245 munais.
959 3189 1030 3248 lion
1047 3196 1128 3243 vero

170 3257 245 3328 quia
262 3258 418 3327 religionis
438 3273 532 3316 causa
553 3259 690 3316 tannhus
711 3259 805 3327 iecit,
828 3272 1018 3317 neuxorem
1032 3258 1131 3315 duee-

173 3335 222 3384 ret
231 3344 270 3386 ex
282 3330 460 3399 alienigenis
473 3346 481 3388 :
494 3333 575 3387 Deus
589 3345 710 3403 quoque
724 3334 955 3402 peregrinantes
969 3330 1039 3401 eius
1051 3340 1127 3401 pos-

153 3407 279 3467 teros,
298 3415 337 3458 ex
353 3405 481 3473 AEgyptn
497 3404 647 3470 eductos,
671 3406 702 3457 ia
714 3408 864 3476 ,Propheta
887 3399 980 3476 (inid
1001 3416 1030 3459 v.
1052 3401 1123 3471 sq.)

170 3485 230 3528 seu
243 3485 299 3545 per
309 3475 492 3547 prophetam
505 3476 633 3547 Moysen
646 3476 799 3533 servavit·
941 3491 945 3498 ·
