2475 4034
190 54 258 133 rao
450 123 453 129 ,
488 58 628 139 :Cosas
650 67 657 79 '‘
679 54 812 126 Curuo.

180 162 287 238 loc⁶um
308 171 404 235 accat
420 190 519 247 usqne
539 175 579 235 ad
597 190 626 232 v.
647 194 673 246 9·
693 176 702 242 l
723 175 758 231 de
775 174 964 248 corruptione
982 172 1136 246 emptionis·

180 260 209 307 et
228 249 455 319 negotiatorum.
471 247 545 304 isia.
560 263 588 304 v.
607 248 635 301 6.
664 247 696 304 si
710 246 915 316 negotiatores
930 251 1041 305 coeant
1055 288 1064 314 ,
1078 246 1138 317 ini*

181 336 242 394 qua
265 321 419 377 mercium
445 318 543 389 pretia
567 325 660 390 pacto
681 325 791 376 mutuo
816 326 985 375 statuentes
1009 336 1018 378 ε
1041 333 1082 374 ne
1104 325 1137 375 te

179 394 295 521 pufleat
308 392 476 451 factionem
488 391 571 448 hanc
585 390 728 449 discessu
746 397 800 448 tuo
815 403 1017 462 corrumpere
1035 403 1073 447 ac
1091 388 1138 447 di·
1235 448 1236 451 ,

214 538 333 597 conus
348 536 397 591 llz.
410 544 474 590 xcv
490 550 535 589 m.
549 535 719 601 Mensura,
740 532 903 592 continens
917 533 1026 590 decem
1038 532 1136 604 taphi,
1235 544 1236 565 ³

179 617 215 673 ot
229 608 272 665 ibi
289 605 437 677 propheta
452 605 572 664 indicat
589 621 598 662 z
618 605 719 676 liphl,
742 606 826 677 quod
848 619 905 662 suo
924 605 994 663 loco
1011 605 1113 662 dicam
1128 646 1137 672 ,
1235 606 1236 625 t

179 678 362 741 trimodiam
373 678 514 735 continet
527 693 535 734 z
549 691 625 748 ergo
638 691 732 736 corus
740 677 923 735 modiorum
941 677 1064 746 triginta
1077 684 1135 733 est

215 751 311 808 Caso.
338 749 435 807 iacob
459 751 498 808 ad
517 748 703 807 labanum:
721 749 1050 822 aesponaeotrqaemiti
1069 763 1138 805 cros
1167 772 1175 782 ’-

79 812 86 825 “
179 823 294 890 iustitia
306 835 379 878 mea.
401 822 475 881 (fen.
497 833 563 879 xxx
583 821 628 878 55.
644 821 847 881 ldebraismus
867 820 1136 890 elegantissimus:

179 892 423 965 utaliquando,
452 901 487 951 ut
508 906 566 950 suo
588 901 729 966 tempore
749 894 787 951 ab
813 894 957 952 omnibus
982 892 1138 961 intelliga-

179 973 251 1034 tur,
270 980 322 1023 mc
339 966 419 1037 iuste
434 966 665 1036 tecumegisse.
687 966 811 1037 Quando
824 964 1074 1038 interrogaverim
1086 980 1136 1020 aas

180 1039 231 1110 otii
241 1038 331 1096 vestri
342 1053 408 1095 cras
436 1038 551 1109 (olim)
570 1039 717 1105 dicentes,
738 1037 813 1108 Quid
833 1039 887 1094 sibi
905 1039 1005 1094 oolam
1025 1037 1074 1092 isti
1090 1037 1139 1090 ia-

180 1110 282 1182 pitesr
307 1126 353 1167 res
391 1111 512 1167 adebitis
532 1110 571 1165 eis
594 1126 604 1164 .·
627 1111 801 1181 Defecerant
819 1123 903 1182 opace
917 1110 1054 1166 iordanis
1070 1110 1140 1164 onte

179 1184 283 1240 arcam
299 1184 338 1253 fae
389 1183 412 1239 is
427 1181 565 1248 Domini,
587 1197 655 1237 cam
668 1184 811 1238 transiret
823 1198 911 1239 cam:
930 1182 1039 1238 idcirco
1052 1181 1139 1252 positi

180 1255 367 1325 suntlapides
380 1255 472 1309 istiin
492 1262 722 1309 monumentum.
745 1256 810 1312 los.
831 1266 866 1312 iv
882 1256 908 1309 6.
929 1268 974 1326 sq.

215 1327 436 1383 (100001το00.
459 1325 547 1380 Sicut·
561 1325 728 1393 crassitudo
751 1332 839 1382 terrie
857 1335 964 1398 crupta
987 1333 1030 1382 est
1055 1340 1140 1395 saper

181 1402 293 1454 terram
312 1411 323 1449 :
343 1395 484 1468 dissipata
503 1404 572 1451 sant
593 1410 660 1450 assa
679 1404 783 1451 nostra
804 1414 885 1452 secas
906 1397 1063 1467 infernam.
1089 1400 1137 1453 Ps.

180 1475 243 1527 cxl.
255 1486 282 1536 7.
298 1466 384 1523 Sicut
397 1481 501 1524 crassa
518 1473 607 1522 terrae
620 1467 725 1535 gleba,
746 1469 773 1522 si
787 1477 889 1525 aratro
903 1468 1001 1527 scissa
1014 1481 1140 1539 rumpa-

180 1546 246 1608 tur,
259 1537 428 1607 disjicitur,
438 1537 676 1609 spargiturque:
689 1537 734 1594 sic
745 1552 800 1594 nos
809 1581 817 1605 ‚
827 1540 859 1594 in
870 1539 1048 1609 proximum
1058 1554 1141 1598 mor-

181 1609 220 1669 tis
229 1636 232 1642 ·
241 1609 415 1683 periculum
434 1609 558 1669 adducti
570 1650 578 1677 ,
597 1609 741 1681 sepulcro
754 1609 848 1666 ricini
860 1610 977 1667 fuimus
992 1651 1001 1678 ,
1023 1618 1054 1666 et
1065 1611 1140 1681 jam·

181 1683 245 1757 jam
257 1689 449 1740 ossa-nostra
463 1681 642 1752 dissipanda
655 1688 752 1738 erant
1135 1697 1140 1707 ¹

218 1756 383 1813 (10000οΔ.
399 1756 425 1810 2.
443 1757 562 1811 Pam'tv
579 1772 619 1810 11.
646 1755 810 1823 namugo,
835 1768 890 1810 seu
906 1766 1023 1820 uncus,
1045 1766 1141 1822 quoa

182 1826 291 1898 templi
302 1824 452 1883 ministris
466 1825 648 1883 elebetibus
662 1825 750 1893 elixae
763 1840 873 1882 carnes
886 1821 1140 1881 extrahebantur.

216 1894 402 1956 cadaross-
423 1898 565 1965 nevira,
584 1897 639 1969 qui
652 1897 836 1967 sapientiam
849 1897 952 1962 audit,
966 1895 1057 1966 eique
1071 1909 1143 1952 cre-·

183 1966 227 2027 dit
246 1986 253 2026 ε
275 1978 361 2026 erant
379 1969 410 2025 in
429 1970 651 2041 confirmatione
663 1970 905 2025 creataroeittias.
927 1967 1020 2025 Eccli.
1043 1979 1140 2036 lvdrp.
1234 2014 1235 2021 ,

183 2040 256 2114 Ejus
268 2041 358 2099 liberi
370 2041 528 2108 valentes,
549 2034 802 2110 urmi‚'loogaevi
815 2049 933 2105 crunt,
986 2109 989 2114 .
1234 2066 1235 2069 ¹

219 2115 255 2182 2)
274 2114 421 2170 ereatura
434 2114 502 2172 aevi.
515 2113 658 2241 :opifices
670 2154 679 2180 ‚
693 2112 792 2171 labori
802 2128 860 2173 suo
869 2109 1053 2179 intenti‚‘ad
1064 2110 1144 2168 obti-
1233 2152 1235 2193 t

184 2184 284 2243 nenda
301 2184 440 2256 judicum
460 2185 623 2251 subseliis,
644 2185 873 2256 doctorumque
891 2192 1063 2243 conventus
1079 2196 1144 2241 nou

186 2256 366 2330 aspirabunt
385 2273 393 2314 :
412 2256 461 2312 sed
475 2265 649 2314 meatorum
667 2257 720 2312 acui
737 2259 954 2328 confirmabant
968 2297 979 2324 ,
994 2260 1023 2312 ct
1040 2256 1142 2325 deprc-

185 2329 263 2387 catio
275 2330 392 2385 ittornm
403 2329 433 2384 in
450 2329 619 2402 operatione
633 2329 727 2397 artis,
747 2329 997 2387 accommodantes
1011 2327 1144 2383 animam
1234 2320 1235 2351 ³

185 2416 288 2468 raam,
302 2402 539 2472 etcoaqairentes
553 2400 584 2457 in
598 2402 660 2468 iege
671 2401 819 2457 Atrissimi.
838 2400 937 2469 1100Ιί.
953 2407 1080 2454 xxxvnl
1094 2399 1145 2467 59.

185 2472 359 2530 conficiunt
376 2486 470 2543 opera
487 2473 677 2544 temporaria
698 2480 714 2526 :¹
728 2478 761 2527 et
777 2484 871 2531 omuc
892 2470 1019 2526 illorum
1036 2476 1143 2525 votum

185 2542 246 2603 hoe
257 2556 321 2599 uuo
335 2540 550 2613 concluditur,
569 2544 648 2600 utin
665 2558 720 2599 sua
735 2543 865 2613 quisque
878 2550 944 2598 arte
955 2540 1143 2609 conspicuus

187 2614 245 2681 sit,
265 2614 317 2670 cui
328 2626 421 2673 omne
433 2630 527 2673 suum
541 2615 679 2679 studium
693 2613 826 2680 addicit,
846 2622 878 2670 et
891 2613 1037 2682 adquam
1050 2625 1142 2667 exer-

187 2685 319 2744 cendam
331 2695 458 2747 vocatus
471 2690 536 2744 Deo
550 2686 654 2745 servit
752 2752 756 2757 ⁴
810 2688 815 2695 ’

222 2759 345 2816 Caino.
367 2761 439 2814 Cam
451 2758 635 2816 invocantem
646 2757 810 2813 exattdierit
821 2769 886 2823 me,
898 2771 957 2819 non
968 2755 1054 2810 cretio
1066 2755 1143 2826 qaod

188 2829 314 2886 aadiert‘t
324 2846 421 2886 nocem
432 2847 536 2889 meam.
556 2831 624 2888 101).
638 2841 673 2886 lx
690 2831 733 2897 ιδ.
757 2831 877 2885 liemor
887 2825 1073 2885 terribilium
1087 2826 1142 2882 Dei

188 2901 389 2974 iudiciorum,
401 2901 523 2960 etiamsi
535 2902 612 2961 mihi
626 2901 764 2959 fortassis
775 2900 955 2967 illefavcat,
968 2912 1026 2968 ego
1039 2907 1144 2955 tomen
1232 2952 1234 2973 ‚

188 2982 292 3032 certus
314 2988 375 3032 uon
399 2987 470 3030 sum
494 2989 502 3031 ε
526 2975 597 3046 quia
617 2976 707 3029 etiam
723 2974 785 3031 sinc
806 2988 897 3029 causa
919 2976 964 3042 (v.
981 2973 1045 3041 sq.)
1066 2968 1145 3027 mihi

189 3045 333 3117 cognita,
350 3044 460 3116 punire
474 3059 526 3102 me
538 3052 648 3115 potest.
666 3050 739 3101 carn
747 3045 884 3113 steterit,
899 3059 958 3101 non
970 3043 1068 3098 credet
1080 3042 1147 3098 vito
1195 3090 1200 3098 .

190 3132 256 3175 aaa.
276 3117 343 3177 101).
359 3128 437 3174 xxiv
450 3133 493 3173 aa.
508 3117 646 3187 lmpius,
666 3118 739 3175 licet
750 3117 824 3174 felix
838 3119 895 3183 sit,
915 3123 946 3173 et
963 3116 1053 3171 firmo
1066 3113 1145 3184 pede

190 3191 339 3318 consiffiat
349 3188 555 3257 ,couscientia
566 3195 673 3245 tamen
687 3184 932 3247 malefactorum
945 3185 1144 3259 perterritus,

194 3277 257 3321 non
313 3262 344 3318 it.
975 3276 979 3283 ·

228 3337 263 3399 i)
285 3332 416 3404 Spiritus
429 3330 577 3391 creditus.
595 3333 658 3387 Non
676 3340 719 3387 est
737 3333 863 3388 creditam
877 3335 1013 3388 cnnrDco
1027 3328 1145 3399 spiritm
1231 3320 1232 3345 ¹

191 3405 261 3530 gas.
278 3407 453 3488 reunion
466 3405 492 3488 β.
504 3406 570 3462 Non
580 3402 713 3476 perstitit
722 3418 794 3460 cum
805 3407 885 3470 lieo,
901 3417 965 3460 non
976 3399 1145 3474 permansit
1230 3468 1231 3479 χ

216 3488 301 3531 rmus
315 3490 380 3532 sire
394 3475 492 3532 fidelis
505 3478 579 3532 Deo.

228 3545 262 3611 a)
286 3546 418 3601 Credere
436 3554 467 3603 et
481 3546 574 3617 loqui.
598 3548 737 3602 ficientes
757 3545 856 3601 atatem
868 3545 998 3601 ettmdcm
1011 3542 1144 3613 spiritam
1230 3520 1231 3537 ³

194 3612 276 3684 fidei,
287 3617 502 3690 quempropln
521 3633 545 3676 ao
556 3617 675 3690 antiqui
686 3616 839 3686 hainuero,
850 3617 1143 3686 sicntscriptarnest‚
