2475 4034
407 131 623 216 annnna,
666 142 800 210 Canta.
1032 143 1080 241 89

120 247 186 318 tate
199 244 273 315 cum
287 252 404 325 iniquis
417 253 493 311 inita
505 269 660 339 nauperes
675 270 820 328 premere
832 271 869 317 ac
878 260 1022 318 obruere.
1047 262 1081 320 sl
1187 263 1189 268 ’

118 327 296 394 ‚reddideris
317 326 492 383 libertatem
515 327 659 396 rudiciis,
683 330 711 385 si
732 330 861 387 desieris
880 332 1035 392 minacem
1048 340 1081 391 et

115 400 324 458 insultantem
340 398 472 468 digitum
493 400 661 456 extendere
684 402 716 456 in
738 401 868 469 fratres,
892 404 918 458 si
942 417 1031 461 cassa
1049 412 1080 462 et

117 472 219 531 iutilia
231 471 317 541 loqui
330 468 503 527 cessaveris
522 485 530 527 τ
550 477 618 528 tum
631 487 706 529 vero
718 473 772 530 tibi
786 475 936 531 Dominus
953 473 1060 533 aderit.

155 547 347 602 carmen.
371 542 740 613 incathedrapeatiteatiae
762 545 940 615 (hebraice,
962 546 1082 604 insede

117 616 304 683 irrisorum)
323 629 383 672 aaa
395 614 476 671 sedit.
495 617 545 670 Ps.
563 625 575 671 1
591 634 614 672 ι.
642 617 740 675 Malus
754 625 820 685 est,
834 626 866 675 et
877 617 1006 685 iniclix,
1028 617 1081 690 qui

118 688 279 748 abducite
292 702 309 743 a
321 686 444 744 virtutis
459 685 569 743 semita
583 688 623 743 ad
635 689 754 745 crimen
767 691 883 759 patitur
895 708 904 758 3
921 689 1028 761 peior,
1048 695 1080 747 et

117 757 291 828 infelicior,
312 756 366 830 qui
386 759 421 815 in
439 757 595 816 scelerum
615 759 665 818 via
686 761 880 830 consistens,
903 761 994 818 malis
1015 761 1080 820 suis

118 830 291 898 assuescit3
309 829 485 902 pessimus,
508 845 544 888 ac
557 829 651 903 plane
661 832 831 903 pestilens,
855 833 957 904 quiin
974 834 1080 903 pravi-

117 903 392 1033 tatedacquiescena
401 942 410 971 ,
420 902 569 960 virtutem
581 911 613 960 et
623 903 806 975 religionem
820 907 900 977 apud
914 919 947 961 se
959 913 990 961 ct
999 904 1079 965 alios

115 975 171 1034 irri
196 982 235 1031 et.

93 1085 98 1092 -
154 1049 189 1115 ii
210 1050 271 1106 Pro
288 1059 450 1106 consessu.
472 1046 611 1103 nauteam
624 1060 691 1103 eam
703 1046 733 1103 in
745 1046 863 1104 ecclesia
874 1047 961 1120 piebis
979 1053 1037 1103 :et
1048 1047 1079 1103 iu

114 1119 258 1177 cathedra
270 1120 418 1175 scalarum
436 1119 556 1176 iaudent
574 1134 649 1176 eam.
673 1122 722 1175 Ps.
748 1127 805 1177 cvr
826 1121 870 1174 δα.
894 1120 927 1174 in
943 1118 1079 1177 concilio

113 1191 224 1265 populi
238 1208 246 1247 ε
260 1197 292 1247 et
302 1191 334 1246 in
348 1205 518 1257 consessu,
534 1199 635 1257 coetu,
649 1199 805 1248 conventu
819 1205 939 1249 senum.

153 1265 279 1320 chaun.
300 1265 369 1322 Bar.
386 1273 421 1320 vr
433 1279 478 1317 ar.
493 1262 592 1320 Feles.
611 1264 737 1321 Graecus
754 1264 823 1320 icns
833 1302 844 1332 ,
857 1261 956 1319 aeiurl.

152 1336 272 1392 (inune.
303 1334 433 1392 Nomine
457 1335 514 1391 Dei
536 1334 650 1393 dicitur
670 1336 709 1393 ad
733 1334 836 1396 ilchaa
859 1347 966 1404 regem
992 1349 1001 1390 a
1026 1347 1079 1392 cor
1132 1355 1138 1366 ·

115 1413 204 1464 tuum
221 1421 257 1463 ue
273 1407 411 1476 formidet
424 1421 444 1461 u
462 1406 573 1463 duabus
594 1405 695 1463 caedis
714 1408 853 1466 titianum
865 1405 1078 1480 [remigantium

113 1482 243 1537 istorum
255 1478 286 1534 iu
302 1479 349 1534 ira
361 1477 482 1550 fareris.
499 1481 543 1535 is.
558 1489 608 1537 vn
621 1482 646 1545 i.
675 1477 779 1537 (lauda
791 1478 907 1538 titionis
918 1518 928 1546 ‚
941 1493 1014 1550 pars
1026 1494 1077 1537 ex·

112 1558 217 1609 trema
230 1558 261 1608 et
273 1550 487 1628 semiustulata
503 1550 581 1621 ligni
599 1552 738 1610 cremati.
761 1552 963 1609 hebraismus
983 1550 1077 1622 signi·

113 1624 213 1682 licans
235 1638 292 1693 per
315 1630 530 1693 contemptum
554 1623 698 1681 homines
723 1624 832 1691 nihili,
852 1622 1004 1690 inutiles3
1025 1622 1078 1682 bic

114 1709 225 1765 regem
239 1695 335 1766 Syriae
345 1697 511 1762 basinum,
531 1703 562 1751 et
574 1695 699 1753 israelis
712 1697 876 1753 Phaecam.

152 1770 190 1836 i)
204 1767 303 1837 Caput
322 1775 354 1823 et
375 1767 473 1824 cauda
491 1767 566 1838 quid
580 1768 643 1824 sint
660 1767 822 1835 Hebraeis,
845 1767 965 1823 'dictum
983 1763 1077 1835 paulo
1122 1771 1124 1778 '

114 1846 188 1898 ante
203 1839 236 1894 in
255 1839 327 1895 Voc.
354 1843 457 1912 caput.

154 1912 278 1967 crunt.
302 1911 462 1978 Graecnm,
487 1909 582 1969 calor.
606 1910 674 1968 tob.
693 1919 761 1967 xxx
781 1910 817 1963 ao
840 1918 889 1967 est
908 1912 1002 1967 ardor
1019 1917 1076 1967 seu

119 1989 215 2041 aestus
228 1980 440 2040 febricitantis.
1003 1981 1005 1990 ’

152 2054 269 2111 canen.
296 2053 355 2121 Qui
367 2053 441 2112 solis
455 2049 545 2109 labiis
565 2063 617 2111 me
635 2050 765 2121 colunt,
785 2050 1073 2123 inauttnomtnus,

115 2125 212 2185 corde
230 2140 247 2181 a
262 2138 314 2181 me
326 2124 418 2195 longe
437 2122 557 2191 avulsi,
581 2126 643 2182 siue
661 2138 751 2179 caasa
763 2123 870 2182 colunt
885 2139 945 2180 me.
967 2122 1073 2180 blaten.

115 2206 171 2256 xv·
187 2215 214 2267 9.
235 2198 301 2253 Non
317 2197 406 2267 quasi
421 2195 467 2252 eis
480 2209 576 2253 causa
598 2210 662 2252 non
679 2202 822 2267 suppetat
836 2194 984 2251 adorandi
995 2191 1074 2262 Dei,

113 2281 192 2326 cum
213 2267 277 2325 sint
294 2266 491 2324 innumera:
514 2267 569 2324 scd
588 2267 726 2335 frustra,
749 2265 818 2323 sine
840 2266 1073 2334 emolimento,

114 2339 300 2404 incassum,
328 2341 389 2409 (ut
400 2345 448 2396 est
459 2338 492 2395 in
509 2339 617 2408 tonte)
637 2339 670 2395 id
681 2337 822 2406 iaciunt;
848 2339 919 2409 quia
937 2335 1029 2394 male.

152 2399 394 2468 clareamus.
416 2410 637 2480 stigmaticus,
663 2411 806 2480 stigmate
818 2410 923 2467 inusto
938 2414 1072 2467 notatus.

116 2482 203 2541 'ralis
217 2481 330 2540 dicitur
342 2481 510 2553 impiorum
520 2479 728 2553 quorumdam
742 2523 751 2550 ,
765 2482 881 2545 erroris
898 2495 962 2539 uon
978 2479 1073 2539 unius

116 2554 363 2624 magistrorum,
383 2555 598 2623 conscientia,
623 2555 649 2611 1.
673 2555 752 2611 Tim.
774 2565 809 2612 tv
828 2585 853 2611 ..

151 2628 276 2683 Gubba.
294 2627 386 2696 Nigra
395 2642 479 2694 sam,
494 2627 705 2697 scatanavia,
725 2627 792 2697 filie
802 2627 962 2685 Jerusalem
970 2643 983 2694 ,·
998 2623 1076 2682 ticet

119 2700 315 2756 meeroacula
330 2701 446 2767 cedar,
470 2698 545 2754 sicat
559 2700 646 2771 patim
660 2700 831 2756 Salomonis.
851 2702 934 2757 Cant
952 2699 1006 2753 15.
1019 2697 1074 2754 Ge·

116 2770 173 2827 dar
188 2770 328 2827 ismaelis
346 2770 451 2837 iilius,
470 2772 545 2827 Gen.
569 2781 635 2827 xxv
656 2769 697 2826 ιδ.
719 2772 801 2828 unde
818 2772 856 2827 ad
878 2772 945 2842 ejus
964 2773 1073 2839 poste·

114 2853 196 2910 ros,
230 2850 354 2911 gentem
375 2842 566 2910 Arabicam,
593 2855 709 2900 nomen
735 2843 881 2902 manavit.
917 2843 991 2897 llaec
1013 2838 1072 2897 aab
1106 2890 1111 2896 ,

117 2913 259 2971 tentoriis
274 2956 282 2981 ,
298 2913 517 2971 ardentissimo
530 2911 589 2970 soii
601 2915 770 2985 expositis,
790 2921 910 2971 aetatcm
931 2912 1070 2981 degebat.

116 2985 256 3055 nitergo
270 2988 407 3056 Sponsa,
427 2986 552 3042 fuscam
563 3001 597 3043 se
608 2986 734 3058 quidem
748 3000 818 3042 esse
832 3000 848 3041 a
860 2986 944 3051 soie,
961 2984 994 3038 in
1008 2993 1072 3052 quo

115 3056 273 3115 laboribus
285 3057 452 3130 pastoritiis
466 3057 652 3126 fungebatur
668 3077 677 3124 3
702 3066 735 3114 et
752 3056 857 3114 colore
874 3050 1073 3136 tabernacula

116 3129 329 3187 Cedoritarum
350 3129 468 3188 referre
488 3145 496 3186 ι
517 3132 573 3190 sed
591 3130 697 3197 addit,
730 3130 864 3184 formosa
893 3125 950 3181 sibi
972 3123 1072 3179 bnea·

114 3209 221 3258 menta
234 3201 297 3260 oris
310 3215 398 3267 esse,
419 3201 696 3272 membrorumque
709 3198 965 3278 compositionem
986 3207 1073 3277 egre·

116 3272 200 3342 mum
223 3286 349 3345 :eaque
370 3273 410 3331 de
430 3288 524 3331 cansa
544 3288 618 3331 cum
639 3271 817 3329 salomonis
843 3276 1005 3352 tentet-us,
1024 3278 1097 3336 rn-⁸

117 3345 330 3402 structissimis
343 3353 375 3403 et
386 3344 612 3412 ornatissimis,
635 3359 669 3401 se
682 3347 853 3413 comparat.
866 3340 935 3394 ltnn
949 3342 1072 3405 gentem

116 3416 306 3485 Arabicam,
334 3431 436 3489 neque
457 3417 576 3475 incolas
602 3416 703 3473 cedar
729 3414 812 3485 apud
838 3408 990 3494 Nomades
1016 3421 1072 3464 seu

116 3489 265 3546 Numidas
278 3490 389 3557 Atros,
413 3496 466 3546 aut
483 3489 565 3546 inter
579 3486 708 3559 Scythas
729 3497 835 3557 quaero
852 3499 860 3540 ε
882 3483 965 3538 edent
985 3480 1072 3536 eninr

117 3560 303 3618 vocabulum
315 3561 434 3629 cedar,
457 3560 613 3618 eteoclem
629 3558 723 3614 modo
742 3558 917 3627 scriptum,
944 3567 1005 3637 arro
1021 3551 1073 3608 hic

117 3631 150 3690 in
168 3633 326 3702 Canticis,
353 3640 385 3690 et
401 3636 451 3690 Ps.
482 3642 561 3690 cxix
583 3629 757 3701 (hebraice
783 3630 868 3695 cxxi
892 3628 907 3678 5
935 3624 1069 3693 legitur,
1136 3651 1138 3656 ‚

117 3704 252 3764 temrrit
262 3706 302 3762 la.
316 3713 374 3764 xit}
395 3706 449 3776 16,
468 3703 522 3762 ubi
538 3701 703 3762 manifeste
716 3698 755 3756 ad
769 3697 916 3757 Arabiam
929 3692 1073 3792 tuberu-
