2475 4034
186 63 256 156 add
478 67 634 135 Mutina.
682 63 840 134 Moerus.

184 189 349 253 dissimus,
371 182 552 242 einer-itatis
565 176 836 245 studiosissimus,
857 176 884 233 si
900 175 1003 246 legere
1015 177 1150 249 potum„

186 269 253 326 set,
274 273 342 329 quae
363 256 423 312 hac
447 255 485 310 de
504 268 539 310 re
562 251 748 310 Athanasius
769 249 935 306 liircherus
952 247 1147 331 linguarumv
1164 296 1186 307 ,,

185 330 291 389 notitia
310 327 502 386 clarissimus
529 325 562 381 in
585 323 755 380 prodromo
779 323 874 389 Copto
899 320 1030 388 sempsit.
1051 321 1142 381 uiuri.

184 400 277 472 hujus
295 414 322 458 e.
340 402 357 452 5
376 413 438 456 non
450 404 571 453 tantum
583 410 623 452 ex
633 393 769 464 losepho
782 400 813 448 et
824 389 974 457 Philone,
998 404 1131 460 quorum

185 473 237 532 hie
252 480 300 528 est
316 483 484 543 permagna
502 466 691 533 auctoritas,
705 464 769 520 sed
788 464 880 519 etiam
896 476 935 519 ex
955 462 1149 532 antiquissim

186 540 246 602 mis
255 544 422 614 ceptorum
435 538 644 599 voluminibus
657 535 926 600 ostenditauetor,
945 535 1143 608 vocabulum¹
1162 582 1169 595 ,
1185 586 1186 589 ,

186 613 464 689 Μογιειΰοριίοιιιιι
478 626 533 668 seu
545 608 755 682 AEgyptiaoum
768 621 837 664 esse
850 625 859 670 ς
874 613 905 661 et
916 605 1053 662 indicare
1067 621 1143 663 ιιι-ι
1173 612 1177 617 ⁴

187 695 292 744 vatum
311 685 473 755 exaquio,
496 695 569 739 cum
590 679 816 740 vetustissimus
834 677 889 735 ille
903 691 1007 733 sermo
1022 681 1133 749 AEgyp-

187 759 248 815 tius
268 757 333 814 sive
349 757 462 827 coptus
480 767 594 826 aquam
613 751 795 822 signidearit
815 764 871 822 per
897 747 1045 819 syllabam
1066 754 1132 819 Mo,

187 834 268 895 llos,
287 835 318 885 et
335 833 421 900 Moy,
436 841 502 900 yses
521 834 625 883 autom
647 826 681 881 iu
698 822 810 881 eadem
831 822 938 891 lingua
963 819 1003 879 sit
1025 821 1133 889 idem,

188 901 270 974 quod
290 900 380 957 nobis
401 907 542 956 auratus.
1031 924 1034 929 ι

223 975 360 1030 idumea.
382 975 453 1028 Ecce
463 969 583 1042 populus
601 974 670 1024 tuat
684 967 817 1022 mulieres
831 966 861 1020 itt
877 963 971 1020 medio
988 964 1041 1020 tui.
1060 964 1135 1025 Nah.

189 1055 229 1101 111
244 1045 284 1098 ιδ.
306 1043 437 1102 onkalos
449 1042 483 1109 iu
494 1039 665 1100 Chaldaioo
678 1038 763 1097 clare
777 1054 786 1095 t
799 1035 963 1095 imbecillis
981 1044 1029 1094 est
1041 1036 1138 1095 instar

189 1115 366 1175 mulierum.
753 1146 755 1149 ·
789 1146 792 1153 ·

225 1189 261 1256 ι)
274 1187 361 1243 Natio
373 1180 549 1243 mulierum.
569 1185 633 1240 Non
644 1191 690 1238 est
702 1190 802 1239 creato
810 1180 969 1236 luminibus
981 1180 1114 1250 superbia
1124 1219 1137 1246 ,

190 1272 281 1330 neque
292 1258 445 1314 Iracundia
458 1257 571 1313 notioni
582 1255 746 1311 mulierum.
764 1253 857 1311 Eocli.
876 1263 897 1309 x
913 1268 956 1308 aa.
972 1252 1058 1308 Natio
1070 1265 1149 1308 mu·-

190 1328 301 1386 lierum
320 1337 391 1385 sunt
407 1327 548 1386 homines
562 1326 745 1383 mulieribus
759 1326 830 1394 nati.
852 1326 918 1383 Non
931 1323 1020 1379 decet
1036 1322 1140 1379 homi·
1164 1382 1168 1391 ,

190 1413 263 1457 nem
273 1414 373 1469 neque
384 1399 651 1469 superbiamque
662 1397 832 1453 iracundia.
854 1399 898 1451 lta
910 1402 1013 1465 aperte
1026 1394 1140 1451 docent

189 1471 259 1527 lons
270 1471 338 1542 ipse
352 1485 468 1540 graecus
480 1509 491 1537 ,
504 1476 535 1526 et
547 1469 674 1540 syriaca.
695 1468 754 1537 Qui
766 1467 944 1538 superbiam
955 1466 1047 1537 viris,
1067 1478 1139 1521 mu-

191 1541 317 1600 lieribus
336 1541 526 1611 iracundiam
551 1541 602 1598 hie
626 1539 784 1610 propriam
808 1538 946 1605 iaciunt,
970 1545 1003 1595 et
1024 1537 1138 1607 linguis

193 1613 301 1680 dictis,
321 1621 353 1669 et
371 1611 567 1684 experientiae
586 1611 772 1683 quotidianae
791 1616 971 1681 repugnant.

145 1752 150 1761 .
226 1684 263 1753 3)
282 1685 425 1742 Mulieres
439 1686 594 1742 docentes.
616 1686 655 1739 is.
671 1693 763 1740 xxvii
778 1701 820 1739 ιι.
837 1684 1047 1738 Romanorum
1059 1694 1142 1751 prae-

193 1757 259 1814 freis
277 1770 340 1814 non
355 1756 486 1813 multum
500 1754 667 1814 absimiles.
687 1754 853 1813 lliustravit
864 1760 1044 1812 contextum
1061 1755 1136 1810 voc.
1171 1798 1180 1807 .

193 1829 329 1900 Lapis‚§
352 1828 523 1901 bilapt‘des
539 1828 652 1883 cineris.

229 1903 447 1958 lluurtrutco.
476 1899 673 1969 multiplicasti
692 1908 835 1971 gentem,
865 1913 924 1954 uon
947 1895 1145 1967 utognt’ficastt‘

194 1973 335 2036 laetitiam.
351 1975 389 2028 is.
404 1983 439 2029 tx
453 1972 479 2028 5.
500 1973 639 2029 christus
652 1971 779 2043 ejusque
792 1970 934 2043 discipuli
947 1971 1059 2039 multos
1073 1968 1144 2039 qui·
1176 2006 1182 2025 ,

194 2045 265 2103 dem
277 2045 456 2101 ludaeorum
469 2052 714 2114 congregarunt,
727 2043 875 2113 prodigiis
888 2043 1051 2113 juverunt,
1065 2041 1144 2098 doe·
1180 2086 1186 2095 .

193 2115 274 2173 trina
287 2115 499 2173 illuminarunt
512 2132 520 2172 t
534 2115 660 2181 illorum
671 2125 775 2173 tamen
785 2114 932 2184 permulti
944 2113 993 2170 vel
1002 2127 1064 2170 non
1074 2125 1144 2169 ere-

194 2187 357 2254 diderunt,
383 2187 432 2245 vel
453 2203 471 2244 a
491 2187 551 2244 lide
569 2187 755 2259 resilierunt.
777 2186 1046 2243 Perseverandum
1062 2183 1150 2257 laeti-¹
1162 2198 1179 2245 ,·,

193 2259 268 2316 tiam
283 2259 461 2328 eloquenter
478 2257 645 2328 amplificat
656 2258 794 2324 ibidem,
820 2266 851 2313 et
867 2272 894 2314 r.
917 2271 962 2327 sq.
978 2254 1146 2313 victoriam
1160 2280 1172 2331 ζ

162 2378 164 2382 ,
193 2329 327 2385 celebrat
339 2330 476 2385 hostibus
489 2334 640 2385 extortam
648 2331 723 2384 sicut
735 2329 765 2381 ιἰι
777 2329 821 2382 die
830 2328 954 2397 Μααίᾳη.
981 2330 1016 2380 [lt
1028 2326 1161 2383 Madia·¹
1180 2374 1183 2377 .

194 2399 273 2456 nitas
286 2398 410 2454 Gedeon
422 2398 521 2455 ludio.
536 2410 584 2455 vu
598 2417 629 2451 ιι
644 2414 710 2470 sqq.
725 2399 767 2454 ita
780 2398 916 2455 Christus
930 2410 1002 2453 suos
1016 2405 1150 2454 nostrae·

196 2483 254 2541 que
269 2467 374 2525 salutis
387 2469 491 2527 hostes
504 2470 677 2540 prostravit.

229 2541 266 2606 ι)
285 2539 480 2609 Multiplieari
498 2552 592 2610 super
610 2553 785 2597 numerum.
803 2539 894 2596 Marito
908 2537 1003 2610 fecisti
1014 2546 1070 2606 tu,
1087 2543 1149 2596 Do·

193 2612 270 2667 mine
285 2615 360 2667 Deus
375 2626 477 2679 meus,
503 2611 649 2667 mirabilia
668 2622 741 2679 tuo,
764 2642 777 2654 ·
792 2641 805 2653 -
822 2642 834 2652 -
851 2641 864 2653 ·
876 2610 1059 2681 multiplicati
1074 2624 1148 2668 suut

196 2699 281 2754 super
290 2698 451 2739 reimerum.
465 2687 513 2740 Ps.
528 2694 631 2740 xxxix
640 2685 665 2740 6.
680 2681 859 2753 llultiplicoti
867 2696 923 2754 pro
932 2684 1146 2753 multiplicata:

195 2761 230 2812 ut
244 2764 369 2826 apparet
380 2768 419 2811 ex
433 2755 611 2823 chaldaico,
634 2763 665 2812 et
680 2759 713 2812 B.
731 2755 920 2827 Hieronymo
934 2755 978 2812 sie
991 2757 1147 2827 interpre-

196 2835 278 2884 tante
299 2826 477 2884 hebraicum
501 2842 510 2884 t
533 2827 565 2883 Si
582 2842 709 2884 narrare
726 2826 877 2894 voluero,
905 2834 936 2884 et
952 2842 1144 2899 numerare,

124 2910 125 2913 ’
195 2899 283 2969 plura
298 2905 390 2965 sunt,
412 2914 504 2969 quam
516 2905 551 2954 ut
566 2899 686 2956 narrari
698 2905 820 2969 queant.
845 2898 903 2967 Qui
918 2912 982 2956 uon
995 2900 1034 2955 ad
1049 2897 1148 2957 mira·
1175 2936 1181 2945 ·

195 2970 290 3038 bilia,
310 2970 365 3026 sed
382 2971 420 3026 ad
432 2970 573 3029 homines
587 2972 774 3029 admirantes
789 2969 948 3038 referunt,
971 2984 1085 3041 eosque
1099 2970 1149 3026 di·
1173 2966 1184 2987 ’·

196 3049 271 3098 eunt
288 3041 383 3098 luisse
401 3042 581 3100 innumeros
597 3061 606 3109 t
631 3056 740 3100 verum
758 3041 889 3109 dieunt,
915 3042 969 3104 sed
989 3042 1028 3098 ad
1048 3041 1149 3115 latina

198 3115 346 3170 duntaxat
363 3115 519 3171 attendere
534 3113 685 3172 videntur.
767 3148 769 3151 v
1076 3130 1079 3137 ’

233 3187 383 3241 llotrunl.
405 3186 467 3241 Noli
483 3201 542 3242 esse
553 3186 653 3256 justos
671 3187 813 3253 utuitum3
835 3186 857 3243 i.
874 3200 900 3242 e.
918 3184 1020 3242 nimis.
1041 3184 1147 3243 eccle.

196 3265 243 3311 vn
260 3273 300 3324 ιγ.
319 3259 406 3314 Vetat
425 3270 493 3315 esse
509 3258 770 3325 immoderatum,
792 3258 857 3314 sive
874 3256 906 3314 in
923 3256 1037 3328 justitia
1052 3257 1157 3314 uasti·

196 3335 308 3395 gente,
333 3327 398 3384 sive
417 3327 449 3385 in
470 3328 583 3386 virtute
600 3330 786 3400 quacunque
805 3328 885 3396 alia,
909 3343 976 3400 quae
993 3329 1094 3386 omnis
1112 3329 1150 3385 in

196 3398 385 3467 mediaest,
405 3407 436 3454 et
447 3399 593 3472 utrinque
611 3400 737 3459 reducta
755 3400 793 3458 ab
808 3400 962 3457 extremis.
1001 3430 1004 3433 ·

230 3471 371 3527 Moerus.
396 3470 471 3540 Fili,
492 3487 529 3527 ue
548 3473 694 3528 tumultis
711 3473 769 3528 siut
787 3481 869 3528 actus
893 3472 961 3528 tui:
980 3480 1008 3527 et
1026 3471 1052 3526 si
1067 3472 1150 3527 dives

198 3538 306 3607 Ιιιενίι,
325 3557 384 3597 non
397 3544 453 3598 eris
465 3545 601 3600 imrnuuis
613 3561 633 3600 α
647 3546 749 3601 delicto
756 3562 769 3614 ,·
783 3545 809 3599 si
819 3545 896 3600 enim
907 3552 1020 3599 secutus
1032 3543 1126 3614 suerit
1136 3583 1149 3609 ,

198 3622 255 3664 uon
265 3614 452 3685 apprehendes
468 3626 520 3672 :et
530 3633 589 3673 rou
599 3617 736 3688 effugies,
755 3616 781 3673 si
790 3616 1025 3687 praecucurreris.
1040 3614 1146 3672 ‘ticeli
