2475 4034
208 212 278 288 352
510 209 668 281 sitnon.
721 208 864 295 sinnii.

207 364 210 373 =
242 336 384 389 subitost.
405 329 479 385 buu
494 327 632 384 discurre
647 327 767 395 celestis
781 341 865 398 reges
882 339 969 398 super
988 340 1082 396 euru,
1104 328 1172 387 uiue

206 404 417 460 dealbabuntur
428 400 459 456 iu
471 401 585 454 Selmou
604 415 614 452 .·
636 412 717 455 mous
732 398 803 466 Dei,
822 413 904 454 mous
914 399 1033 470 pinguis
1049 417 1062 467 ,-
1082 416 1171 457 mom

208 475 400 546 coagulatus,
412 486 493 527 mous
504 471 640 554 pinguis:
656 481 688 526 tu
697 470 766 543 quid
775 470 959 540 suspicemini
967 474 1087 529 moute:
1102 486 1171 530 ceu·

205 548 352 620 gulu'tosi
373 558 454 601 mous
469 582 481 610 ‚
500 558 530 597 tu
547 556 604 614 quo
622 540 827 612 beneplacitum
847 546 889 596 esi
906 545 963 597 Deo
980 538 1127 599 liubilure
1143 544 1171 599 in

210 617 385 674 emeterius
396 615 534 670 Dominus
552 612 692 670 bubltobit
705 615 737 669 iu
747 615 841 684 finem.
866 615 914 668 Ps.
934 623 1023 669 bxrn
1042 614 1075 665 15
1097 629 1142 686 sq
1162 655 1169 670 .

209 687 507 758 numyomnipotens
528 685 599 742 eoeli
615 684 766 742 Dominus·
783 683 867 754 genti
883 697 946 739 suae
965 699 1057 753 reges
1078 684 1125 743 eli

212 774 248 819 oc
267 758 395 829 dividit,
419 755 578 825 fulgebunt
595 756 743 813 israelitae
761 755 859 817 instar
877 754 990 812 montis
1010 755 1169 825 selmon,

210 831 299 903 cujus
310 827 544 888 vertexniribus
558 841 683 898 semper
692 827 850 900 splendet,
864 835 973 884 caetera
987 826 1025 882 od
1036 836 1170 897 pastum

210 911 242 959 et
266 915 333 958 rem
355 899 531 972 pecuarium
553 899 741 957 fertilissima
770 905 850 955 sunu
879 900 967 955 Mons
991 896 1169 957 altissimus

212 972 268 1043 (id
278 973 363 1032 enim
376 971 520 1028 bobralco
531 984 618 1028 more
631 979 678 1028 est
690 986 772 1027 mons
784 970 835 1025 Del
842 971 851 1037 l
860 967 1008 1039 idemque
1021 969 1170 1040 pinguis·

215 1045 313 1102 simus
327 1059 335 1101 ε
348 1058 421 1101 nam
436 1043 510 1113 quid
521 1042 692 1105 ubertatem
705 1055 810 1113 parem
824 1040 894 1098 alibi
907 1041 1065 1111 incussum
1079 1057 1168 1113 quar«

212 1116 281 1174 ritis
297 1116 312 1171 l
329 1114 417 1171 Mons
435 1130 451 1170 a
469 1117 534 1171 Deo
553 1113 692 1182 electus,
713 1113 745 1170 in
764 1126 824 1183 quo
842 1125 1000 1182 nunquam
1020 1126 1092 1167 non
1109 1114 1169 1170 btr-

212 1189 296 1248 bitet.
310 1186 465 1252 Ecclesia,
487 1198 554 1261 quse
566 1180 659 1244 mollo
671 1185 812 1244 columbe
827 1183 907 1241 dicta
921 1184 1020 1240 luerat
1032 1192 1168 1254 propter

214 1257 756 1385 ⁸¹ss¹⁶¹1dssremm¹2¹¹rtifssinffimi⁰⁰⁰⁰
773 1257 812 1313 ob
823 1254 936 1382 tgratiae
951 1268 987 1313 ac
1006 1249 1167 1314 unctionis

213 1345 235 1387 u
257 1344 292 1384 er
307 1344 322 1383 a
336 1342 387 1385 em
459 1342 502 1383 ιιι
545 1342 561 1382 e
607 1342 660 1385 out
676 1342 746 1387 eom
771 1342 821 1384 aro
836 1342 882 1383 ur.

208 1407 215 1443 ἰ
248 1403 366 1456 snitum
394 1399 485 1454 Semel
500 1399 612 1455 locutus
629 1407 672 1456 est
687 1342 767 1455 ileu?
775 1442 784 1467 ‚
807 1398 864 1455 duo
881 1398 939 1454 burc
954 1397 1071 1465 audivi,
1093 1399 1166 1470 quio

212 1479 339 1544 potestus
356 1470 407 1524 Dei
421 1479 486 1536 est,
508 1480 537 1526 et
552 1471 603 1524 tibi
618 1472 737 1527 Domine
754 1469 959 1527 misericordia.
980 1471 1029 1524 Pe.
1052 1480 1113 1525 m
1136 1487 1164 1523 u

214 1558 264 1613 sp·
276 1540 376 1598 Semel
388 1542 469 1596 Deus
485 1554 536 1596 me
551 1540 703 1600 allocutus
718 1550 787 1615 est,
807 1549 838 1597 et
851 1541 917 1597 baeo
929 1540 991 1596 dub
1008 1539 1097 1595 mibi*
1108 1557 1167 1612 ps-

191 1613 338 1687 ,teleeit‚
363 1611 531 1682 potentiam
552 1627 668 1680 suam,
696 1621 728 1670 et
749 1611 1003 1670 misericordium.
1032 1613 1113 1668 Nom
1135 1621 1164 1669 et

214 1686 327 1752 bomo,
346 1683 445 1753 inquit
458 1683 489 1738 in
503 1684 585 1742 bunc
596 1682 700 1741 locum
711 1687 745 1740 D.
767 1683 918 1751 Basilius,
938 1696 1000 1739 uuo
1014 1695 1164 1741 sermone

214 1756 303 1829 plura
322 1768 502 1827 expromere
522 1756 602 1826 opud
617 1769 668 1812 me
684 1760 792 1827 potest
1002 1764 1005 1771 ⁴

212 1862 215 1869 ‚
252 1832 369 1884 susten.
390 1829 469 1898 opes
489 1841 527 1883 ex
542 1826 697 1884 frumento
716 1827 833 1900 AEgypti
849 1823 1103 1886 collectsslsuias
1117 1840 1164 1884 or·

215 1900 376 1956 notissime
394 1896 525 1968 appellat
545 1914 642 1955 serum
657 1899 730 1967 lllli,
752 1910 834 1956 xum
856 1901 882 1954 5.
902 1898 973 1957 Solo
991 1896 1164 1954 enim'irri-

163 2030 166 2037 ,
215 1978 310 2040 gente·
323 1970 390 2025 blllo
408 1971 510 2038 fruges
535 1971 567 2026 in
590 1975 716 2043 AEgypto
734 1978 927 2038 naseuntur,
955 1982 1029 2040 quse
1045 1967 1164 2028 ideirco

219 2056 325 2098 serien
340 2040 398 2096 Nili
411 2049 493 2099 reete
514 2043 688 2114 nuncupari
704 2050 840 2112 possunt.

152 2151 157 2161 ,
252 2115 388 2169 Sutttrto.
404 2114 485 2168 Booti
492 2152 503 2180 ‚
517 2115 566 2186 qui
577 2115 725 2170 seruiuutis
735 2128 820 2186 super
829 2124 935 2170 ommes
947 2090 1163 2185 aquusstutmitae

217 2193 310 2240 temes
337 2185 415 2240 edem
428 2186 504 2241 bools
517 2195 545 2241 et
557 2186 641 2242 oslui.
659 2189 698 2243 ls.
720 2196 815 2243 xxxtr
828 2184 883 2242 ult.
903 2183 1041 2252 Felices,
1066 2184 1162 2256 quiin

216 2202 407 2328 solougique
420 2256 537 2329 irriguo
548 2272 653 2315 semen
670 2265 833 2329 spargunt,
848 2269 938 2313 suum
952 2269 1046 2326 pecus
1059 2263 1161 2312 erebo

214 2327 399 2397 iungentes,
416 2341 455 2384 ex
472 2328 536 2385 boo
547 2328 615 2400 ipso
629 2342 685 2385 suo
697 2328 801 2387 labore
817 2326 1006 2399 pabulumei
1020 2326 1161 2396 praebem

212 2407 277 2453 tes,
291 2397 443 2453 Nobiliore
461 2413 575 2466 sensu,
599 2399 787 2473 allegorice,
806 2401 845 2457 do
858 2398 980 2455 Messiae
992 2396 1138 2468 apostolis
1152 2437 1160 2463 ,

215 2467 410 2536 evattgelium
427 2468 540 2539 ubique
559 2470 751 2538 serentibus,
774 2471 949 2542 ubieunque
967 2469 1063 2527 animi
1075 2475 1163 2526 eruut

215 2538 317 2593 idonei
329 2557 338 2604 3
356 2546 387 2592 et
398 2539 520 2594 tudaeos
530 2539 606 2608 legis
619 2540 691 2610 jugo
705 2552 842 2600 assuetos
853 2557 926 2598 cum
940 2541 1082 2610 gentibus
1094 2541 1161 2611 eius

215 2606 320 2664 inseiis
340 2607 527 2679 conjungere
545 2611 724 2669 felicissime
742 2614 916 2683 aggressis,
944 2612 1028 2684 quob
1045 2610 1160 2683 alioqui

215 2694 272 2751 per
285 2678 383 2749 legem
401 2693 463 2736 non
475 2689 541 2738 erat
553 2682 710 2752 integrum
721 2685 833 2742 lacere.
1026 2698 1031 2707 ·
1212 2699 1213 2702 ’

252 2753 289 2820 2)
305 2750 513 2809 seminabitur
526 2767 565 2810 ex
578 2754 713 2811 nomine.
732 2757 849 2814 Nabum
868 2756 1015 2827 propheta
1033 2754 1160 2811 abluis

217 2832 393 2881 sermonem
405 2835 530 2894 repente
542 2826 651 2884 avertit
664 2827 703 2884 ed
714 2827 834 2887 hostem
848 2827 1066 2885 sennacherib·
1075 2842 1091 2882 z·
1100 2831 1160 2883 lton
1212 2841 1213 2864 1

216 2896 404 2952 seminabitur
418 2912 454 2952 eu
469 2898 584 2955 nomine
595 2908 647 2955 tuo
665 2901 795 2971 emplius.
815 2900 887 2957 Nah.
908 2900 975 2963 til.
991 2901 1056 2954 Non
1074 2897 1162 2968 quusi

218 2967 333 3039 ubsque
345 2967 431 3024 omni
439 2971 526 3040 prole
536 2972 723 3040 'decesserit‚
737 2985 808 3029 eum
823 2972 1018 3041 superstitem
1027 2968 1161 3026 siluisse

216 3039 469 3099 Asurbaddonem
481 3042 595 3111 lilium,
610 3051 641 3100 et
653 3052 722 3114 post
733 3058 804 3101 eum
815 3057 960 3112 regnasse
972 3082 980 3109 ,
994 3056 1034 3098 es
1043 3041 1070 3101 lu
1085 3043 1158 3110 Reg·

217 3121 275 3167 xix
295 3110 341 3167 ult
359 3151 373 3179 ,ψ
395 3112 530 3172 sciamus
553 3130 561 3170 z
590 3115 644 3172 sed
666 3115 737 3186 quia
758 3122 827 3186 post
850 3115 882 3171 id
905 3112 1074 3186 temporis,
1101 3118 1161 3183 quo

215 3183 325 3264 ¹285000
337 3197 398 3239 una
414 3183 502 3242 clade
518 3185 638 3252 emisit,
655 3185 826 3258 nullosiem
835 3186 948 3243 liberos
958 3191 1159 3259 suscepturus

217 3254 549 3315 eratzstotimenimab
559 3256 611 3313 illa
620 3257 751 3328 luga,in
760 3259 827 3330 ipso
836 3258 884 3316 del
892 3254 1161 3315 suiNesroebtem·

217 3324 288 3395 plo.
306 3325 499 3396 amajoribus
511 3335 585 3384 natu
597 3327 667 3387 siliis
680 3329 880 3400 interemptus
891 3336 945 3385 est.
960 3331 1001 3383 De
1015 3327 1052 3396 li.
1066 3341 1093 3383 e„
1107 3325 1158 3392 inl

217 3397 302 3452 domo
313 3397 357 3451 dei
368 3397 413 3453 tui
423 3399 594 3469 interficiam
606 3407 635 3456 te
650 3415 662 3456 ε·
670 3401 799 3472 sculptile
808 3411 837 3459 et
849 3400 1108 3473 conflatilepou'om
1119 3402 1160 3452 se'·

217 3469 350 3538 pulcrum
363 3477 445 3524 tuum
457 3507 472 3536 ‚-
486 3471 554 3542 quio
567 3471 756 3529 inhonoratus
768 3490 806 3529 es.
827 3473 899 3528 Neh.
915 3472 934 3528 l.
951 3472 979 3527 d.
994 3470 1115 3527 oc'eisus
1128 3468 1159 3523 in

217 3537 283 3593 aede
298 3539 348 3593 dei
366 3539 434 3606 tui,
454 3540 567 3610 jacebis
587 3541 786 3612 inhumatus,
807 3556 869 3599 non
884 3543 967 3599 eliud
984 3540 1101 3599 hebens
1115 3554 1159 3595 se-

217 3606 380 3675 pulcrum,
393 3624 487 3678 quam
499 3610 663 3669 simulacra
677 3615 806 3670 deorum
819 3653 830 3680 ,
850 3626 916 3684 quae
930 3613 1061 3670 cadaver
1073 3620 1160 3683 tuum

119 3708 128 3729 .
210 3675 472 3745 circumdabunt,
493 3695 638 3763 supremo
653 3685 769 3740 funeris
781 3685 899 3740 bonore
912 3682 1096 3740 fraudatum.
1213 3674 1214 3697 ¹

211 3768 216 3778 ·
254 3744 387 3804 susurru
406 3751 548 3808 Trouslbtt
561 3753 688 3839 topace,
706 3767 852 3827 prospere
867 3770 874 3810 :
888 3756 991 3810 semita
1004 3754 1160 3823 inpetitus
1213 3732 1214 3795 l
