2475 4034
371 83 585 185 Mommsen.
620 112 785 183 atores.
984 78 1053 190 ndi
1125 185 1127 187 ,

101 229 214 295 mortis
232 247 240 296 t
255 236 286 288 et
298 230 413 289 iontem
425 230 678 300 ipsumauieret,
701 239 844 290 mortem
866 237 901 290 tit
913 234 1055 303 ipseclrl-

102 303 161 377 pict
179 304 350 360 tnesaurum
369 304 461 357 omnis
482 302 557 359 nasis
578 303 814 370 desiderabilem,
837 305 911 360 dum
932 314 1053 375 patrum

105 375 243 440 animas,
262 379 296 428 ut
309 373 405 442 spolia
417 373 661 443 pretiosissima,
680 389 789 431 secum
805 376 944 431 abducet.

141 448 348 510 Mourisios),
366 447 486 516 Propter
499 453 528 500 te
539 447 751 515 mortificamur
767 455 831 502 toto
843 447 906 513 dic,
918 448 1059 521 estimati,

105 532 206 574 sumus
218 516 294 573 sicut
304 530 367 572 oues
377 516 535 573 occisionis.
555 520 643 575 Rom.
658 528 719 574 ttiu
732 519 787 584 56,
802 534 840 573 ex
852 521 899 574 Ps.
916 530 997 575 xittt
1009 536 1051 578 ss.

104 589 316 658 Mortiicomar
326 624 338 654 ‚
360 601 424 645 nou
444 587 576 645 ascetico
593 586 647 644 iiio
660 602 774 655 seusu,
795 590 848 645 sed
859 589 1051 659 occidimur,

104 658 140 718 in
157 664 341 732 perpetuam
355 659 424 715 ritae
437 659 604 717 discrimen
619 660 823 718 adducimur:
842 675 915 716 unm
932 664 1054 730 etgrae-
1129 694 1132 701 s
1231 688 1235 697 ·

82 745 179 788 'cum
200 729 313 797 Pauli,
335 737 370 786 et
390 729 571 787 hebraicum
586 731 710 787 Psalmi
731 730 914 788 vocabulum
930 733 1054 802 proprie

106 801 259 872 significat
275 799 377 861 occidi
390 818 400 867 3
419 807 450 859 et
463 801 633 860 similitudo
646 802 684 859 ab
697 801 805 861 ombus
817 802 949 861 macstto
959 803 1054 860 desti·

104 873 184 931 natis
197 874 230 931 id
242 875 346 945 ipsum
357 873 501 933 ouandi.
526 873 577 931 Sic
594 882 627 930 et
638 874 676 930 de
688 873 766 931 iuda
780 874 925 933 iscariote
939 876 1051 945 praedi-

104 947 185 1003 citur
204 962 213 1002 z
231 950 401 1001 Persecutus
412 954 456 1002 est
467 945 610 1000 nominem
626 945 754 1015 inopem,
776 955 805 1002 et
821 947 1002 1013 mendicum,
1023 955 1052 1009 et

104 1026 309 1089 conspuuctum
326 1016 414 1073 corde
430 1018 616 1082 utortiiicure.
647 1016 733 1073 hebr.
757 1031 854 1088 usque
876 1018 914 1074 ad
936 1017 1055 1074 inmm-

103 1086 271 1156 ciendum,
287 1103 388 1159 usque
401 1087 440 1144 ad
451 1102 570 1147 necem
597 1090 646 1144 Ps.
662 1098 744 1145 cvttt
760 1107 799 1158 ιο.
820 1092 990 1145 insectatus
1006 1096 1053 1145 est

102 1160 261 1218 Christum
273 1174 457 1231 pauperem,
484 1159 583 1217 aliena
605 1167 725 1216 tantum
750 1158 930 1217 liberalitate
947 1159 1053 1216 riven-

104 1240 167 1288 tem
181 1272 190 1299 ,
212 1246 305 1301 quarn
318 1245 356 1288 eo
369 1232 491 1301 attogit,
510 1239 545 1287 ut
557 1238 628 1302 post
640 1231 736 1289 animi
749 1231 871 1290 dolores
890 1230 1052 1288 acerbissi-

104 1317 174 1360 mos
190 1303 253 1358 vita
270 1303 453 1372 privaretur.

105 1426 110 1431 .
140 1377 310 1431 dinarius·
338 1375 451 1435 luiticts'
463 1382 532 1430 utut
547 1373 738 1443 Beelphegor,
757 1373 961 1431 Moabitarum
973 1373 1049 1439 deo,

73 1442 80 1453 “
102 1444 186 1514 turpi
200 1445 311 1515 Priapo
330 1464 338 1510 ;
353 1444 393 1505 ot‘
407 1447 593 1502 consederunt
611 1448 754 1516 somistcio
765 1456 965 1510 mortuorum,
978 1444 1052 1506 deo-

102 1516 248 1640 rumgvita
261 1517 449 1589 carpatium,
465 1531 541 1588 quos
554 1531 613 1588 pro
629 1520 694 1575 lieo
710 1518 780 1576 vivo
799 1518 975 1575 adorarunt.
999 1518 1047 1572 i’s.

104 1599 173 1651 cve
195 1625 204 1642 .
325 1620 329 1627 ·
544 1592 551 1605 ⁸

137 1663 221 1717 litos.
241 1665 316 1715 Deus
327 1660 378 1732 qui
389 1662 551 1717 iniceditorc
563 1659 636 1731 facit
649 1660 732 1716 unius
745 1661 834 1716 moris
847 1660 877 1713 iu
890 1659 983 1714 domu
996 1662 1045 1717 Ps.

100 1743 192 1789 navit
205 1750 231 1800 7.
257 1733 445 1799 concordes,
466 1732 536 1791 uuis
556 1747 612 1797 seu
633 1731 744 1789 iisdem
761 1731 900 1788 moribus
919 1736 1050 1786 utentes.
1123 1792 1127 1801 ¹

99 1806 136 1861 1).
150 1806 358 1875 Hieronymus
372 1819 410 1860 ex
422 1803 567 1860 hebraico
580 1819 595 1868 ,ε
605 1823 607 1827 ’
616 1801 789 1861 inhabitare
807 1802 881 1859 iacit
898 1800 1050 1857 solitarios

99 1875 133 1931 in
156 1876 447 1944 commemoria
470 1874 652 1945 captivitatis
676 1874 832 1943 dispersos
856 1870 1000 1940 collegit,
1020 1879 1052 1928 et

99 1935 212 2003 iisdem
224 1945 344 2016 legibus
353 1961 391 2021 ap
397 1946 537 2021 unanimi
546 1944 681 2005 amicitia
690 1942 946 2016 tanquaminuua
957 1943 1051 2000 domo

103 2018 301 2077 consociavit.
761 2043 764 2047 ›

108 2142 112 2147 .
140 2091 262 2146 diosas.
283 2089 360 2149 vide
373 2088 464 2159 paulo
475 2098 546 2160 post
556 2090 674 2161 Moyses.

108 2215 111 2219 .
138 2162 271 2217 Mutuo.
287 2161 400 2230 impius
413 2163 495 2237 ppud
509 2161 630 2217 sedicit
650 2177 657 2217 ι
678 2163 739 2217 Nou
756 2159 891 2214 maceca
902 2171 1050 2227 agmera-

103 2232 184 2301 iioae
195 2233 225 2286 in
236 2233 468 2302 generationem,
479 2233 540 2288 siue
548 2234 637 2288 rucio.
653 2235 702 2288 Ps.
715 2242 750 2287 iti
763 2246 806 2298 sp.
818 2228 906 2287 Nullo
916 2240 1051 2298 uuquam

101 2311 243 2373 tempore
256 2303 293 2360 de
306 2304 401 2372 gradu
414 2304 560 2375 dejiciar,
577 2318 632 2361 ero
644 2317 766 2374 semper
779 2301 845 2358 siue
857 2298 962 2355 malo„

139 2376 172 2440 i)
194 2377 318 2432 Movere
339 2376 442 2446 pedes.
463 2376 633 2433 Hebraicus
659 2372 789 2445 populus
812 2371 914 2427 dilexit
933 2384 1048 2424 moun-e

100 2446 182 2519 pectes
200 2462 286 2515 suos,
313 2446 485 2515 discurrere
506 2456 609 2513 amat,
631 2448 670 2503 ad
688 2445 850 2517 quaerenda
870 2451 1049 2499 exterorum

103 2517 234 2585 auxilia,
251 2526 283 2574 et
295 2518 460 2587 simulacra
472 2519 654 2575 eorumdem
666 2559 675 2585 ‚
694 2527 723 2574 et
735 2532 793 2572 nou
804 2515 909 2587 quieuit
921 2553 933 2581 ,
948 2522 976 2570 et
989 2518 1050 2569 Do-

102 2590 182 2645 mino
194 2606 252 2646 uou
263 2590 383 2661 placuit.
403 2594 466 2646 ier.
481 2601 537 2647 titv
555 2609 595 2645 ιο.
667 2643 669 2649 ,

140 2661 174 2729 i)
193 2664 317 2720 Movere
329 2670 494 2730 sceptrum.
515 2661 660 2729 Gladius,
688 2667 721 2714 ut
733 2659 822 2719 cudat
835 2658 964 2714 uictimas
974 2694 986 2724 ,
997 2673 1050 2711 ec-

101 2744 207 2789 ocutas
219 2743 261 2789 est
279 2751 290 2788 .·
310 2743 341 2788 ut
353 2735 516 2804 splendeat,
530 2734 649 2793 liutotus
661 2742 704 2788 est
716 2748 727 2786 .·
740 2733 788 2802 qni
800 2745 893 2789 ramnes
902 2738 1048 2797 sceptrum

102 2805 246 2873 illirici,
270 2805 413 2861 succidisti
434 2821 516 2860 outue
538 2807 660 2877 liguum
687 2806 736 2858 Ec.
752 2813 807 2859 atil
829 2820 858 2853 ιο
875 2812 919 2870 sq.
942 2802 1009 2863 Tu,
1029 2812 1049 2853 o

1 2852 4 2859 ,
101 2873 203 2944 gladie
220 2877 546 2945 NabuchodonosoriS,
568 2884 657 2932 acuta
679 2876 717 2931 ad
736 2873 926 2936 feriendum,
947 2867 1049 2938 spieu-

102 2946 174 3003 dide
187 2948 225 3004 ad
237 2950 435 3015 terrendum,
456 2962 562 3005 moros
575 2948 644 3005 loco
664 2954 820 3025 sceptrum
842 2939 950 3012 popuii,
965 2938 1046 3004 mei,

102 3025 271 3076 etomnem
290 3020 432 3077 arborem
453 3020 605 3083 succidis,
632 3025 728 3074 totam
747 3026 905 3082 regionem
923 3018 1048 3093 vastasse

102 3087 223 3159 gladius
235 3089 287 3159 hic
311 3094 356 3160 (v.
375 3093 422 3159 ιο)
442 3091 636 3161 superveniet
648 3086 761 3159 populo
774 3097 867 3148 mco,
884 3088 916 3138 et
932 3095 1049 3152 punct-

102 3159 194 3233 pibus
212 3160 316 3230 iugem
333 3163 491 3221 incassum
510 3160 706 3229 mutantibus.
1038 3226 1041 3229 x

113 3296 120 3313 ,
140 3233 282 3290 diuisus.
294 3235 398 3292 Graeco
409 3239 495 3293 Moses
504 3242 535 3291 et
543 3237 650 3306 Moyses
663 3247 674 3285 .·
688 3226 1005 3306 heliraiceitlosctsepq.
1018 3219 1046 3304 d

102 3310 258 3363 extractus
280 3320 287 3361 ε
306 3305 377 3363 ideo
389 3307 472 3375 euim
489 3304 658 3362 Pharaonis
681 3300 743 3357 iiiia
759 3312 874 3356 nomeu
892 3293 1049 3379 hoctmdr-

103 3374 186 3433 disse
194 3390 291 3447 puero
303 3386 447 3435 narratur
467 3379 519 3434 Ex.
537 3387 562 3431 (ι
579 3394 629 3441 ιο,
652 3372 735 3444 quod
750 3379 981 3452 numerandis
995 3378 1049 3420 ex-

102 3447 255 3504 irruisset⁴
278 3448 422 3520 Plerique
434 3462 549 3506 nomen
561 3446 676 3517 Moysis
693 3443 873 3524 liebrarcum
892 3451 962 3494 esse
979 3450 1049 3518 cre3

102 3517 198 3583 dunt,
215 3520 314 3577 secuti
325 3520 475 3578 eximium
492 3518 671 3576 cornelium
691 3530 709 3570 a
728 3513 891 3584 Lapidem
909 3508 927 3564 t.
952 3508 981 3564 d.
997 3506 1049 3563 uhi

103 3597 253 3658 praetcrea
264 3599 392 3658 mouet,
409 3590 534 3661 genuine
548 3590 701 3646 dicendum
713 3601 772 3639 esse
792 3587 878 3639 iioses
888 3620 899 3646 ,
908 3587 1050 3665 ‘corrupte

101 3675 171 3737 uero
189 3660 245 3718 dici
259 3664 377 3735 Moyses.
398 3660 557 3743 sedenter
569 3660 708 3733 proiecto
721 3655 871 3714 sensisset
888 3667 934 3719 iii
946 3650 1050 3736 candi·
