2475 4034
337 169 561 237 Surrncuuo.
611 169 890 241 Sermexrotco.
977 170 1083 267 ,375

165 287 206 355 2)
226 283 373 357 Superbia
393 283 546 343 iordanis.
573 285 663 356 Quasi
681 286 727 342 leo
743 287 928 345 ascendetur
942 292 1082 362 superte

6 379 7 388 ¹
106 357 562 429 -aordaatradputctrirudiaem
579 359 731 415 robustam
749 374 758 414 a
777 388 790 402 ·
802 380 818 403 -·
833 388 852 403 ·
868 388 885 403 -
903 369 931 415 et
947 362 1010 432 quir
1028 366 1085 421 erit

125 432 256 497 eiectus,
279 444 364 502 quem
410 429 604 500 ccpcncmer'i
623 432 686 486 Jcr.
711 441 787 489 xttx
804 449 859 502 ¹93
878 440 909 488 et
920 432 1022 490 verbis
1036 444 1085 493 to-

124 502 223 558 tidem
237 504 299 558 ier.
314 512 334 557 t
347 445 497 569 issicut
508 500 579 569 leo,
603 514 697 572 quem
710 501 925 560 intumescens
938 506 1082 565 iordanis

125 589 146 631 e
156 587 288 631 caverna
298 588 353 630 sua
367 572 501 643 expulit,
518 573 551 629 in
561 573 697 630 fertilem
708 581 741 631 et
749 573 958 633 abundantem
971 591 1081 647 agrum

124 644 291 716 irrumpit,
318 643 403 702 nullo
426 645 588 702 resistente
606 653 731 716 pastore
748 661 756 704 ε
776 646 822 704 sic
839 648 937 704 hostis
959 648 1082 707 irruens

124 717 220 775 urbes
228 716 520 774 tuasornatisslmes
533 725 565 774 et
575 717 781 779 ualidissimas
793 719 990 790 populabitur
1003 738 1012 789 ς
1024 735 1083 779 nec

124 789 187 847 erit
198 804 254 849 rex
265 829 280 858 a
294 795 349 846 aut
364 787 438 846 belli
455 789 540 858 dux,
563 802 659 861 quem
674 791 795 861 regioni
810 793 947 850 tutandae
964 807 1082 865 prepo-

123 874 210 921 nam.
592 919 594 923 ,

162 933 200 1001 t)
224 931 373 1003 superbia
392 945 534 1003 pruvera
549 931 656 1003 gloria.
680 929 830 993 ecclesie
849 941 913 992 sue
930 937 1080 1007 promittit

123 1005 208 1062 Deus
223 1020 231 1062 ε
245 1009 354 1061 Porum
370 1013 399 1061 te
410 1005 441 1060 in
458 1007 624 1078 superbiam
635 1006 810 1062 seculorum
832 1007 871 1063 la.
891 1018 932 1064 tit
954 1009 996 1065 15.
1015 1011 1081 1065 bla-

124 1077 319 1148 gnitudinern
328 1084 359 1133 et
372 1074 503 1147 gloriam
512 1085 597 1135 tuam
604 1077 710 1134 omnib
718 1077 825 1138 menta
833 1079 1078 1137 admirabuntur.

163 1151 369 1206 scrutinabo.
386 1149 552 1217 Scelerati,
572 1151 649 1206 sicut
661 1165 752 1217 ocra,
765 1162 829 1224 que
840 1151 925 1223 licit,
945 1155 1080 1222 auferen-

125 1229 198 1276 tur:
209 1221 398 1294 supercecidit
410 1221 509 1291 iguis,
528 1233 557 1278 et
569 1238 629 1278 nco
640 1221 774 1280 uiderent
789 1223 886 1280 ruem.
902 1224 951 1279 Pa.
971 1235 1038 1282 tvtt
1051 1243 1076 1293 9.

124 1295 340 1361 testaremur,
360 1292 469 1364 illapso
487 1293 558 1363 igne
577 1293 800 1366 liquescentis,
823 1302 949 1366 repente
967 1294 1080 1352 dissol-

123 1372 236 1426 ventur
248 1373 280 1423 et
297 1364 398 1423 subito
411 1380 473 1423 ooo
486 1365 635 1424 ridebunt
647 1366 768 1435 solem,
789 1366 810 1424 i.
831 1380 859 1423 e.
883 1367 992 1425 tritaet
1007 1366 1078 1425 luce

122 1435 185 1494 bec
197 1435 259 1505 frui
272 1438 422 1494 desinent.
499 1474 502 1479 -

161 1510 411 1568 Surnucbttrott.
422 1513 584 1584 Deprecam
592 1510 790 1583 supercertari
795 1510 881 1567 succi
891 1511 1006 1568 tradite
1015 1520 1078 1567 surr*-

124 1580 179 1637 ctis
196 1581 268 1650 fidei.
288 1582 374 1639 tudae
390 1596 420 1641 r.
441 1583 467 1638 ὅ.
488 1586 602 1643 tturtor
617 1590 649 1640 et
663 1595 739 1652 rogo
761 1598 840 1651 vos,
861 1591 896 1639 ut
916 1581 1075 1640 luctemini

122 1659 155 1708 et
166 1653 376 1721 contendatis,
393 1662 428 1712 ut
438 1653 583 1712 laboretis
594 1663 625 1711 et
637 1655 760 1712 certetis
770 1669 827 1725 pro
837 1669 873 1711 ea
888 1654 967 1722 lide,
981 1669 1075 1725 urtam

121 1738 196 1782 cum
209 1725 324 1783 sanctis
337 1727 456 1784 ceteris
473 1725 671 1795 (Christianis
685 1731 695 1794 )
709 1725 963 1783 semel-traditam
977 1734 1008 1781 ct
1019 1726 1076 1783 im·

121 1796 304 1854 mutabilem
319 1796 453 1868 amplexi
471 1798 555 1854 estis.

160 1870 364 1928 surranuco.
391 1869 659 1936 Quemadmodum
683 1876 792 1926 uenter
814 1866 976 1926 famelicus
1002 1869 1077 1938 (uti

122 1938 236 1998 dicitur
253 1940 347 1997 Eccli.
371 1951 472 1997 xxxvi
491 1943 547 2008 ιο)
562 1953 689 1998 omnem
707 1939 820 1997 cibum,
831 1938 963 2010 appetit,
984 1940 1077 1998 dum-

121 2011 218 2068 modo
237 2012 324 2069 satiet
346 2030 355 2068 a
379 2011 421 2067 ita
443 2027 556 2066 omnen
575 2011 739 2068 mumolum
758 2011 879 2082 excipiet
899 2012 1004 2069 macer
1022 2028 1033 2066 .·
1048 2022 1078 2068 et

122 2090 167 2136 est
179 2083 349 2151 fiiiameticr
358 2083 420 2151 fitia
432 2082 521 2150 (ibid.
535 2097 565 2139 r.
578 2083 641 2150 rb.)
656 2080 758 2154 puella
771 2082 883 2139 nubilis
898 2083 1076 2141 omnemri·

122 2167 195 2209 rum
212 2153 342 2225 recipit,
369 2167 589 2225 quemcunque
611 2154 735 2212 occasio
759 2153 904 2212 obtulerit
924 2172 933 2222 ;
957 2163 989 2212 et
1010 2154 1077 2213 viro

122 2225 298 2282 carendum
310 2233 374 2295 est,
390 2240 430 2282 nc
439 2225 560 2282 obviam
575 2239 730 2297 quamque
743 2227 836 2285 ducat
849 2244 858 2287 ι
872 2225 981 2295 ingens
992 2227 1076 2284 enim

123 2296 292 2353 discrimen
305 2302 353 2355 est
367 2340 376 2365 ,
397 2306 427 2355 et
439 2297 507 2354 aliae
520 2297 587 2354 aliia
599 2298 745 2356 meliores
760 2313 796 2355 ac
813 2299 981 2357 deteriores
995 2307 1074 2355 suut.

122 2367 156 2425 Si
176 2368 273 2426 solam
286 2370 426 2441 corporis
446 2370 579 2427 formem
592 2370 758 2440 respiciat,
780 2368 870 2428 facile
883 2370 1053 2442 decipietur
1069 2388 1076 2427 :

121 2455 195 2499 nem
208 2442 312 2514 species
325 2443 454 2498 mulieris
469 2443 615 2498 exhilarat
627 2443 730 2514 sociem
742 2443 798 2498 viri
808 2444 870 2509 sci,
881 2451 910 2497 et
922 2458 1007 2514 super
1016 2459 1076 2499 orr-

120 2529 187 2570 nem
193 2515 453 2585 concupiscentiam
462 2515 584 2570 bominis
593 2515 757 2588 srtpcrrlucit
763 2515 944 2572 desiderium.
957 2519 1000 2583 (ν.
1012 2516 1073 2583 ri.)

120 2585 319 2658 pulchritudo
337 2586 498 2644 muliebris
519 2588 622 2643 virum
642 2586 813 2655 exhilarat,
832 2601 934 2657 neque
952 2586 1015 2643 ulla
1031 2596 1077 2643 est

121 2659 273 2727 cupiditas
296 2660 420 2727 acrior,
445 2673 539 2730 quam
564 2674 633 2730 quae
652 2656 725 2717 hinc
743 2659 909 2716 enascitur.
934 2661 1014 2728 Ergo
1036 2675 1076 2716 nc

122 2728 286 2786 oculorum
299 2730 454 2789 illecebris
466 2730 588 2801 potius,
603 2744 697 2803 quam
710 2732 829 2788 ratione
842 2730 993 2799 ducatur,
1014 2745 1075 2787 ser·

121 2812 233 2858 mones
252 2801 362 2872 puellae
380 2802 526 2859 attendat.
551 2804 583 2859 Si
597 2812 640 2859 est
658 2803 762 2873 lingua
780 2802 965 2869 curationis,
986 2811 1030 2857 est
1047 2813 1075 2859 ec

121 2871 314 2944 mitigationis
326 2914 337 2941 ,
359 2884 387 2931 et
397 2875 602 2931 misericordie
614 2891 625 2929 :
644 2891 702 2932 aon
714 2885 756 2931 est
774 2876 820 2931 uir
832 2875 908 2929 iilius
919 2874 1075 2931 secuudum

121 2944 196 3016 lilios
211 2945 367 3002 locurum.
393 2948 442 3016 (v.
459 2948 524 3015 ιδ.)
544 2947 575 3002 si
590 2945 854 3016 linguamhabeat
865 2944 962 3001 veluti
975 2946 1075 3002 medi·

123 3030 216 3085 cam,
241 3033 309 3090 quae
331 3016 506 3075 animorum
530 3017 657 3077 vulnera
680 3031 791 3076 sanare
811 3017 912 3088 possit
929 3032 937 3073 ε
957 3019 1075 3102 sperari

123 3087 162 3145 de
181 3088 233 3146 illa
250 3088 385 3162 poterit,
405 3088 613 3159 mitigatur-am
634 3091 694 3148 viri
713 3089 857 3157 dolores,
879 3099 910 3146 et
923 3089 956 3144 in
971 3104 1076 3160 ipsum

123 3173 159 3218 oc
170 3160 246 3219 alios
258 3161 496 3220 misericordem
506 3162 581 3220 fore.
597 3161 707 3221 Talem
719 3161 873 3233 virginum
882 3162 936 3234 qui
944 3175 1075 3219 uxorem

122 3230 253 3304 legerit,
273 3233 435 3292 bominum
449 3233 649 3293 felissicimus
666 3249 740 3293 cum
752 3246 789 3290 ea
805 3233 873 3290 erit

159 3307 405 3364 Sbrssuexdtro.
429 3309 635 3380 Supmeeultat
655 3316 754 3364 eutem
774 3305 975 3362 misericordia
990 3305 1074 3387 judi·

122 3375 207 3434 cium.
228 3379 294 3435 lac.
309 3390 335 3435 tt
350 3379 391 3435 ri.
414 3381 458 3435 lix
474 3394 575 3449 greco
587 3381 673 3438 sonte
686 3393 796 3436 sensus
809 3376 964 3449 estbujus
976 3375 1073 3431 modu

121 3448 271 3519 gloriatur
282 3449 496 3510 misericordia
509 3451 547 3509 de
561 3459 704 3524 superato
721 3447 860 3524 judicto,
879 3446 1023 3522 videlicet
1039 3454 1074 3504 ut

120 3520 232 3579 victrix
244 3521 375 3590 justitiae.

157 3594 429 3653 Surunexrotm.
449 3597 548 3654 Tanta
563 3596 623 3656 erit
639 3602 730 3651 terrae
748 3589 911 3657 fertilitas,
927 3596 960 3673 ut
970 3590 1073 3672 druia-

119 3674 252 3722 mettium
277 3665 316 3735 (i.
332 3669 582 3736 estrumentum,
604 3666 688 3725 unde
705 3664 864 3746 conlectus
884 3676 973 3731 panis
992 3675 1073 3715 mres

119 3734 255 3798 bominis
267 3738 450 3809 conilrmatl
470 3738 565 3799 etiam
583 3739 615 3798 ia
634 3737 754 3799 summis
766 3742 910 3792 ιιιοιιιιιιιιι
932 3739 1071 3790 crescat:
