2475 4034
49 141 54 244 Ι
189 101 203 120 ·
355 90 532 160 incursa.
581 91 761 160 AEnrrnus.
970 90 1027 162 '25

50 245 57 301 Ι
81 211 172 286 gerit
198 211 349 277 Preterea
373 207 518 266 hebraice
542 221 604 266 uon
629 216 676 265 est
699 209 835 275 300000,
860 209 915 267 sed
935 185 1024 269 datia

51 315 54 322 .
82 289 184 353 Quare
199 278 378 353 peritissimi
400 278 514 350 quique
529 278 772 350 hebraizantium
790 281 833 337 ita
853 280 1025 351 collegere:

52 401 53 420 2
81 358 293 425 viretpauper
312 351 366 422 (de
377 364 438 421 quo
448 351 622 420 superiores
633 358 694 409 tres
709 353 834 417 versus)
849 350 1027 411 liberalitate

81 428 175 497 begis
189 423 308 494 adiutus
327 464 336 490 ‚
356 422 394 479 ab
405 422 466 479 boc
479 422 563 478 enim
578 422 700 479 dabitur
712 436 810 492 egeno
820 424 858 480 de
870 436 946 480 auro
954 427 1028 482 Ara·
1094 465 1099 476 .

51 533 52 546 2
82 498 143 554 biae
163 514 171 553 a
190 504 314 568 propter
327 495 387 552 hoc
407 494 544 550 adorabit
559 508 631 551 eum
648 509 792 564 semper,
816 501 847 550 et
866 494 899 550 in
917 507 1028 565 perpe·

50 587 53 598 ¹
82 576 172 626 tuum
194 568 222 623 ei
241 566 415 630 benedicet,
437 564 575 636 quisquis
598 580 687 622 suam
706 566 743 622 ab
763 579 801 623 eo
816 573 1028 637 paupertatem

81 640 214 697 levatam
227 637 367 696 senserit.
391 638 464 694 ttaec
480 636 518 694 de
539 636 657 694 Christo
669 637 761 693 etiam
774 639 855 707 ltege
867 637 1029 695 verissimo

82 711 303 783 predicantur,
319 722 405 778 aquo
416 713 446 766 et
455 707 546 778 hujus
557 708 625 764 vitae
638 708 814 775 facultates,
828 717 859 764 et
865 709 1029 779 pretiosior

45 761 51 882 r
83 782 167 843 omni
181 795 257 838 auro
269 780 378 836 Divina
392 779 509 848 gratia,
527 778 615 835 nobis
629 778 786 847 egentibus
800 780 1023 850 dispensantur.

83 859 122 910 De
134 855 194 924 ipso
207 866 281 921 ergo
295 859 468 922 estpropter
487 850 567 906 bauo
584 851 675 918 Regis
698 850 841 922 (Christi)
859 851 1027 911 liberalita-

44 887 46 984 .
83 930 160 991 tem,
180 931 212 981 et
229 921 777 985 animuminfinitebenevoleutem.
1089 969 1093 976 .

44 991 46 1010 ¹
78 1056 81 1063 ,
117 999 282 1053 Auditum
298 994 390 1050 llebr.
403 1003 449 1052 xit
463 993 494 1059 8,
509 992 559 1047 ubi
572 1007 630 1049 nos
640 992 769 1062 legimus
780 992 789 1059 ',
800 996 880 1062 Ergo
888 995 1024 1062 adulteri,

44 1017 47 1158 t
83 1078 110 1124 et
121 1084 179 1123 000
197 1066 354 1137 1110001ος
371 1065 468 1134 ipsius
487 1061 574 1120 Pauli
594 1064 688 1120 verba
714 1063 780 1120 haec
802 1071 874 1119 suut
893 1066 926 1120 in
944 1066 1027 1122 laute

84 1153 181 1208 graeco
202 1154 212 1193 ι
229 1142 309 1205 Ergo
323 1138 402 1207 nostri
414 1138 498 1194 estis.
518 1144 546 1189 et
559 1151 617 1191 noa
631 1137 697 1205 fitte-
712 1148 775 1192 non
789 1133 937 1205 legitimi,
952 1137 1026 1203 sed,

44 1161 48 1306 r
84 1218 116 1268 ut
127 1209 219 1277 uulgo
232 1210 395 1275 dicuntur,
410 1207 508 1278 spurii
518 1246 530 1276 ,
542 1221 598 1264 seu
610 1206 706 1264 nothi.

44 1311 46 1348 s
119 1284 347 1338 AEbrrtcarou
369 1278 586 1345 111150ήο0011,
609 1283 641 1334 et
662 1281 695 1335 in
718 1284 844 1347 egentes
865 1278 1025 1345 benefico,

44 1363 46 1410 t
83 1350 152 1408 haec
169 1345 386 1421 promittuntur
405 1366 413 1407 ε
432 1350 662 1419 AEdificubuntor
682 1351 711 1405 in
737 1359 765 1405 te
786 1352 900 1408 deserto
917 1352 1028 1407 secato-

83 1439 152 1477 rum
169 1439 179 1476 .·
196 1423 387 1492 fondamento
397 1423 593 1493 generationis
605 1432 634 1478 et
646 1422 842 1492 generationis
855 1424 1026 1479 suscitabis:

44 1527 45 1534 κ
80 1503 112 1562 et
123 1495 265 1549 vocaberis
284 1494 441 1564 edificator
461 1495 590 1565 sepium,
613 1503 745 1550 avertens
762 1495 879 1550 sentias
900 1497 931 1549 io
947 1495 1028 1567 quie·

85 1575 147 1622 tera.
161 1568 199 1622 ls.
216 1574 297 1623 tvtit
313 1582 353 1620 ra.
367 1565 452 1633 Quud
465 1566 630 1637 apluribus
641 1566 753 1622 seculis
764 1567 920 1624 desertum
929 1566 1025 1636 jacet,

84 1646 115 1693 tu
129 1636 295 1702 aediilcabis
316 1652 324 1694 t
344 1637 494 1705 originem
515 1646 578 1695 ate
593 1638 685 1694 ducet
704 1637 823 1694 infinita
842 1638 1027 1707 posteritas:

83 1708 273 1775 laudaberis,
287 1716 318 1765 et
326 1707 691 1768 nominaberisdeiensor
699 1716 808 1766 contra
817 1707 1029 1778 insidias,qui
1082 1711 1088 1724 '

82 1788 144 1837 tuta
157 1779 197 1836 ab
209 1779 343 1838 inimicis
356 1780 465 1836 itinera
479 1790 615 1851 prestes.

116 1855 279 1908 AEurrroo.
299 1854 525 1921 Nonnunquam
538 1866 594 1923 pro
609 1851 721 1917 heare,
740 1863 940 1922 prosperare,
952 1862 1029 1907 con·

84 1921 235 1989 stabilire,
247 1937 360 1992 augere
372 1922 476 1992 bonis,
491 1922 844 1992 eonominatim‘liberis.
858 1927 939 1991 Ergo
951 1937 1029 1977 nune

84 1995 177 2049 beotm
189 1995 310 2050 dicimos
323 2004 501 2064 arrogantes
521 2014 532 2050 .·
549 1994 686 2065 siquidem
699 1995 831 2065 aedificati
842 2003 911 2049 sont
921 1994 1029 2064 sacien-

85 2074 123 2121 tes
136 2067 324 2136 lmpt'etutera,
338 2065 462 2134 liubin
478 2068 518 2132 05.
537 2070 570 2122 10
582 2075 724 2121 ueterum
735 2066 931 2122 misericordia
942 2065 1028 2134 edilt-

44 2199 45 2204 ἵ
83 2133 1030 2210 0011100ἰο00110.·00000001000000000ῑααί0010.Ρο.ι1111110111

83 2208 109 2263 3.
125 2211 291 2274 Decretum
297 2208 440 2266 bivinum
449 2211 486 2266 de
497 2209 674 2286 posteritate
685 2208 766 2276 regia
777 2208 900 2264 navidis
910 2208 1029 2266 beanda

80 2279 299 2346 confirmatum
318 2288 351 2336 et
368 2282 597 2340 constabilitum
613 2278 705 2336 estin
718 2277 812 2345 eoelo,
829 2276 987 2337 immobile
999 2283 1031 2333 et

80 2357 214 2421 perenne
224 2360 273 2409 est
294 2368 301 2408 :
321 2343 465 2423 promissi
479 2353 569 2423 liujus
583 2352 694 2407 veritas
706 2359 737 2407 et
746 2358 874 2408 eventus
887 2348 1027 2422 patefiet,

80 2423 158 2480 coelo
178 2423 282 2482 omnia
303 2431 494 2493 praeparante
510 2432 542 2479 et
557 2430 741 2481 maturante.
765 2422 796 2479 Si
813 2422 881 2493 quis
898 2434 1028 2480 uxorem

80 2493 181 2550 iratris
201 2494 268 2551 sine
288 2493 396 2551 liberis
416 2495 530 2552 mortui
547 2497 661 2551 ducere
679 2495 887 2563 recusaverit,
914 2493 1028 2551 accedet
1110 2499 1118 2520 ⁸

80 2566 184 2620 molier
199 2563 240 2621 od
251 2582 317 2622 eom
335 2581 436 2624 cerem
456 2567 633 2633 senioribus,
655 2575 683 2620 et
705 2567 783 2623 tollet
801 2567 1029 2624 calceamentum

78 2635 191 2706 depede
202 2638 284 2707 ejus,
304 2647 439 2709 spuetque
450 2638 480 2692 ia
492 2639 596 2708 (oriem
614 2637 690 2692 iliius
699 2677 710 2704 ,
733 2647 761 2694 et
779 2638 852 2693 ticet
876 2657 887 2696 .·
912 2641 958 2696 Sic
979 2639 1029 2707 fiet

78 2709 203 2775 bomini,
224 2711 275 2780 qrti
286 2710 481 2786 reaedificat
492 2712 608 2766 domum
626 2710 731 2780 fratris
748 2710 800 2764 soi.
825 2713 905 2767 Deut
923 2717 987 2765 xxv
999 2728 1025 2777 9.

44 2797 45 2842 t
77 2780 113 2834 ln
128 2783 277 2850 AEgypto,
296 2783 365 2853 quia
384 2783 543 2837 timuerunt
563 2779 729 2837 obstetrices
749 2786 860 2848 Deum,
878 2779 1028 2851 edificavit

44 2863 45 2876 ¹
76 2850 117 2906 ris
135 2852 244 2912 000300.
265 2853 320 2912 lia
344 2864 358 2909 ι
383 2870 426 2908 ar.
452 2854 528 2921 Quia
548 2852 747 2912 miseratione
769 2853 926 2920 adductae,
953 2865 1030 2908 con-

76 2929 196 2993 tempto
208 2923 377 2982 Pharaonis
390 2924 507 2992 edicto,
523 2924 691 2980 infantibus
704 2924 907 2982 Hebraeorum
917 2937 1029 2994 peper-

44 2983 46 3008 '
76 3002 186 3050 cerani
206 3010 214 3050 :
233 2997 315 3051 Deus
328 2995 396 3052 illas
409 2995 458 3052 vel
477 2995 602 3065 copiosa
623 2994 727 3066 prole,
747 2996 797 3053 vel
816 3003 900 3053 certe
919 2995 1028 3065 opibus

44 3091 45 3094 ¹
77 3064 180 3120 aliove
193 3077 303 3133 genere
316 3067 468 3140 felicitatis
481 3077 696 3124 remuneratus
709 3075 765 3124 est.

110 3139 276 3196 AEotruus,
297 3138 447 3196 lievitulo
460 3139 545 3195 urbis
561 3140 752 3205 bethaven,
767 3150 859 3207 quem
870 3131 1028 3206 Samaritae

75 3208 202 3278 prodeo
215 3207 386 3266 adorabant
404 3225 413 3266 ε
433 3210 508 3268 turit
522 3207 729 3279 (praeteritum
741 3221 798 3280 pro
810 3207 927 3272 tuturo]
942 3219 1028 3274 0ιοον

75 3294 141 3333 eum
151 3281 272 3349 populos
284 3281 365 3350 ejus,
380 3289 408 3336 et
419 3281 517 3337 aditui
528 3283 588 3351 ejus
600 3297 686 3352 super
697 3295 764 3335 eum
778 3279 983 3359 exsiliaverunt
996 3275 1027 3334 in
1062 3342 1064 3346 Ι
1114 3301 1116 3305 v

74 3351 174 3421 gierio
186 3352 265 3422 ejus,
280 3354 350 3423 quio
368 3353 507 3422 00000011
529 3354 624 3409 obeo.
649 3355 698 3410 Os.
716 3352 796 3410 1.,5.
822 3347 935 3405 luditur
953 3353 1032 3408 ‘sulti

76 3421 254 3479 sacerdotes
277 3431 308 3479 et
327 3424 464 3484 ministri
483 3424 591 3492 rituli,
621 3426 1028 3495 0000000000010000000

74 3508 234 3562 00000000
249 3494 375 3552 nomine
390 3496 539 3566 propheta
547 3495 687 3567 appellat.
715 3493 843 3549 sedeur
861 3491 912 3547 isti
925 3491 1028 3552 exsul·

74 3572 140 3621 tant
154 3606 163 3632 ,
185 3565 310 3635 lugente
323 3565 458 3637 00001οὲ
478 3576 529 3623 aut
542 3581 609 3641 quse
620 3563 710 3622 vituli
724 3563 840 3632 gloria,
865 3561 940 3619 tium
957 3577 1027 3633 cap·

73 3635 156 3694 tirus
178 3638 314 3709 migrat?
333 3639 485 3710 Observa,
506 3640 634 3706 Lector,
654 3632 943 3757 frequentissimum
966 3635 1028 3706 lle7
