2475 4034
349 141 544 210 Minxssns.
594 138 812 210 Muutrnsro.
953 137 1055 237 *inp

104 263 275 337 rotamini,
294 261 354 316 tiae
373 267 416 314 est
439 260 552 328 corpus
564 259 664 314 anun.
689 261 798 314 Manna
814 258 1011 317 assemanum
1027 271 1059 318 et

106 334 302 393 umbraticum
313 333 389 391 inte
410 345 441 397 a,
454 328 760 386 revelatam'etoioam
778 330 808 384 in
822 333 982 401 Evangelio.
1056 364 1060 371 ι

140 410 325 465 Damascus.
339 416 368 477 q.
384 347 412 457 i.
428 400 550 458 oblivio.
568 402 740 473 Voaaoitque
751 402 867 474 loseph
879 419 982 458 nornen
994 405 1057 476 pri-

103 477 244 549 mogeniti
252 478 397 532 imnoises
406 473 545 543 ,tiicensa
560 474 693 530 Oblivisci
704 484 750 529 nte
760 474 829 544 feeit
841 476 1058 535 Deusomnium

104 553 240 608 talorum
250 560 396 613 meorum,
415 555 444 602 et
456 547 556 602 domm
567 547 661 616 patris
672 546 736 601 mei.
756 547 958 603 Gen.xu151.
1055 561 1059 573 ·

141 624 279 687 Minoo,
300 617 589 684 matermortua,
611 618 721 673 manda
742 619 882 674 remanda
891 658 903 686 ,
923 628 1058 689 exspecta
1083 657 1085 661 -

105 702 272 765 reexspecta
278 729 289 758 ‚
301 699 435 761 exspecta
443 699 611 761 reexspecta
618 731 627 757 ,
634 690 779 745 momaum
789 689 841 756 itt,
852 691 996 746 modicum
1008 693 1061 747 iti.

104 768 145 822 ls.
161 774 265 821 xxvur
280 781 321 817 ιο.
339 762 492 829 Mimtois,
508 776 564 818 seu
572 761 703 819 imitatio
712 769 759 818 est
768 762 924 818 ebriorum
937 802 945 829 ,
957 762 1058 833 inquit

104 839 140 894 B.
164 837 371 906 Hieronymus
395 848 404 888 ε
424 833 477 904 qui
501 846 575 890 cum
598 833 689 891 toties
714 833 872 891 audissent
892 835 1065 903 prophetas

105 907 339 974 annuntiantes,
351 906 556 962 Haeemendat
564 906 715 963 Dominus
724 946 732 973 ,
741 907 920 977 Exspectate
932 919 1057 975 poenam

104 979 229 1038 Domini
248 994 257 1034 t
276 975 449 1049 petulanter
461 976 640 1044 imitantur,
661 984 693 1033 et
707 976 872 1034 irridentes
885 977 1059 1034 exclamant

104 1051 164 1122 ipsi
177 1063 237 1122 quo
261 1064 300 1105 ue
313 1063 322 1104 t
334 1050 440 1105 Mando
451 1049 609 1117 sonando,
621 1057 755 1119 exspecta
766 1056 948 1120 reexspecto,
963 1049 1060 1106 modo

104 1122 172 1190 hic,
186 1066 281 1178 maiia
293 1120 377 1186 illic,
391 1134 462 1177 cum
476 1129 580 1179 tamen
592 1119 668 1177 nihil
681 1130 821 1191 unquam
831 1121 976 1177 evenerit.
996 1121 1057 1177 scd

105 1195 174 1251 haee
191 1191 318 1251 illorum
333 1191 468 1251 ludibria
490 1193 572 1250 serio
592 1192 743 1264 propheta
756 1194 879 1261 regerit
893 1208 922 1249 v.
940 1193 972 1245 ιδ
992 1207 1000 1247 t
1020 1195 1058 1249 lit

105 1267 163 1322 erit
173 1266 215 1321 eis
225 1265 345 1322 verbum
353 1265 488 1321 Domini:
501 1265 608 1322 Mandu
618 1265 775 1330 rnnandu,
783 1263 1058 1330 mundarema'ntta,

106 1346 242 1410 exspecta
261 1338 446 1408 reexspecto,
471 1347 605 1410 ansperto
617 1345 802 1406 reexspecta,
816 1343 874 1394 etc.
901 1336 1057 1394 ltinarum

106 1409 267 1468 veritatem
280 1409 477 1467 malovestro
493 1409 705 1480 experiemini.
911 1445 914 1453 ·

143 1481 346 1550 il'icondare
360 1481 614 1539 misericordiam.
635 1484 667 1536 tn
679 1481 724 1537 die
734 1484 902 1549 mandauit,
923 1482 1010 1538 hebr.
1024 1485 1068 1536 et'

108 1566 225 1624 grtece,
239 1554 414 1620 mandabit,
434 1554 570 1609 Dominus
582 1552 808 1610 misericordiam
823 1569 924 1619 suom,
936 1561 1058 1608 etnoate

107 1626 337 1696 conticumejm.
361 1628 410 1682 Ps.
429 1636 482 1682 nul
502 1645 528 1695 9·
549 1626 612 1681 Etsi
625 1634 670 1682 tot
687 1640 897 1682 aerumnarum
911 1624 1055 1680 fluetibus
1104 1630 1107 1633 ’

108 1700 256 1770 impetor,
270 1697 326 1754 Dei
340 1704 443 1754 tamen
456 1698 668 1754 misericordia
687 1698 740 1754 diu
755 1705 910 1768 noctuque
922 1695 1055 1765 opitula·

107 1771 203 1838 bitur,
220 1779 252 1827 et
270 1769 339 1827 laeto
358 1783 393 1827 ac
405 1779 553 1845 perpetuo
571 1770 709 1826 carmine
731 1769 808 1839 grati
831 1767 926 1825 animi
942 1780 1019 1838 ergo
1037 1780 1055 1824 a

107 1856 158 1900 me
174 1840 388 1899 celebrabitur.
417 1877 424 1883 -

142 1914 247 1971 ΜΑιιιι.
274 1912 334 1971 Pro
356 1912 505 1970 celeriter.
525 1912 679 1983 Actjataotu't
698 1927 762 1968 eom
780 1915 854 1966 Dans
870 1925 957 1967 mone
979 1911 1058 1966 dite*

64 2042 69 2049 ,
106 1987 180 2043 auto.
192 1989 241 2043 Po.
258 1996 321 2043 xtv
329 1986 357 2044 6.
370 1986 615 2057 quamprimum,
629 1985 763 2040 maxime
773 1983 962 2053 tempestive.
974 1985 1058 2038 itane

106 2058 340 2127 wuneiudiaium
351 2074 437 2113 suunt
454 2059 533 2113 duait
549 2057 708 2118 inlocum,
732 2065 761 2110 at
774 2070 833 2109 non
850 2055 1053 2111 abscondetur.

108 2124 200 2198 Soph.
225 2136 264 2183 ιιι
285 2126 311 2183 t.
332 2124 500 2183 Celerrime
521 2126 603 2181 Deos
626 2124 766 2181 omnium
783 2121 881 2181 oeulis
904 2120 1059 2194 judicium

108 2213 199 2256 suum
209 2205 361 2272 exponet,
376 2212 435 2255 nec
448 2195 635 2267 supplicium
647 2195 743 2251 celari
755 2196 875 2266 poterit.
896 2199 977 2252 Mane
987 2211 1057 2255 con-

107 2286 240 2342 surgens.
267 2272 330 2347 ler.
353 2281 387 2326 ιιι
414 2276 504 2341 7,,εῑ
519 2279 605 2327 xxxv
629 2268 670 2329 si.
691 2267 789 2323 instar
804 2267 938 2325 hominis
956 2275 1054 2329 matu·

98 2344 184 2409 tint,
202 2340 482 2412 opportunissime,
501 2340 533 2396 in
557 2347 715 2410 tempore,
737 2339 808 2395 inde
828 2338 866 2397 ab
884 2339 972 2397 initio
991 2354 999 2397 t
1019 2347 1057 2399 ut·

107 2412 400 2482 lirinensem.
502 2434 506 2440 ·
888 2458 893 2465 .
1007 2438 1011 2445 ·
1056 2442 1059 2449 ·

140 2486 174 2553 ²)
194 2486 473 2567 Menecxponsunt.
492 2483 624 2554 irruptio
634 2483 847 2542 Chaldaeorum
856 2482 1058 2543 velocissime

105 2557 224 2628 operiet
243 2570 421 2612 universum
440 2568 591 2625 rognum,
607 2557 691 2626 quasi
700 2571 784 2611 irione
796 2571 956 2628 expansum
968 2573 1055 2628 super

104 2638 225 2687 montes.
247 2626 324 2685 toti.
347 2635 372 2682 ιι
395 2644 420 2682 a.
441 2640 535 2697 quam
556 2626 697 2683 celeriter
724 2641 834 2684 aurora
853 2628 1052 2698 diffunditur,

104 2699 278 2773 praesertim
293 2699 326 2757 in
344 2699 498 2759 montium
517 2698 597 2770 juno.
622 2698 848 2770 tropologice,
872 2701 909 2758 de
927 2709 1055 2769 morte,

106 2782 138 2833 et
152 2770 256 2829 Divini
272 2770 377 2841 tunicii
396 2771 454 2827 die.
748 2818 750 2823 Α
1054 2783 1057 2787 ·

140 2843 176 2911 3)
198 2845 331 2901 lttaueet
349 2855 418 2901 nox.
441 2845 479 2899 ls.
499 2852 555 2901 ιιιιι
575 2858 615 2897 ra.
642 2846 714 2898 Pete
727 2856 764 2898 ex
776 2843 850 2899 voc.
866 2842 978 2907 Custos.
1057 2872 1059 2875 -

142 2917 272 2973 linteo.
300 2917 405 2977 Romae
429 2914 599 2984 penuriosum
619 2923 663 2968 est
690 2913 779 2967 Potito
801 2927 921 2970 monere
943 2914 1058 2971 sibimet,

107 3002 173 3045 runt
192 2986 371 3045 custodiente
394 3001 424 3043 te
447 2986 544 3043 milite.
570 2987 634 3040 Act.
664 2994 768 3040 ιιιιιιιιι
796 2985 837 3038 16.
863 2987 929 3040 Non
952 2993 1000 3041 est
1018 2986 1051 3041 in

107 3058 413 3124 eunodioineluaus,
444 3059 710 3121 conconcessum,
731 3061 766 3110 ut
776 3054 926 3111 habitaret
939 3057 1053 3111 ticonio

108 3138 170 3185 toto
184 3129 282 3260 ingatii
290 3130 441 3257 condigno.
458 3129 531 3188 itit.
551 3143 578 3183 v.
599 3127 642 3183 to.
663 3125 806 3187 uidelicet
823 3125 856 3182 in
868 3125 965 3184 libero
978 3129 1052 3183 hos-

127 3201 190 3259 itio·
209 3203 220 3258 i
241 3204 251 3257 i
299 3217 330 3261 vs
351 3218 364 3256 9
385 3239 394 3261 s
790 3228 793 3233 “
1058 3251 1060 3254 ,

106 3216 284 3334 ρΜΑιιιοιι.
309 3274 409 3333 Omnis
430 3273 550 3345 populus
567 3271 733 3329 manicabat
752 3270 791 3326 att
805 3284 881 3325 uum.
902 3272 975 3327 Luc.
996 3278 1052 3329 xxt

106 3343 271 3475 ”aliamne
284 3345 524 3414 conveniebant,
541 3342 677 3402 diluculo
696 3343 734 3402 od
746 3341 900 3400 Christum
920 3355 1052 3399 concur·

107 3431 123 3474 ι·
179 3426 223 3475 tit.
598 3424 600 3427 ’

142 3490 349 3549 Monimou.
373 3488 427 3558 Qui
445 3486 705 3559 interrogationem
724 3486 893 3557 manifestat
909 3527 917 3552 ,
935 3482 1056 3554 aaronis

107 3561 246 3629 uerbum,
270 3571 298 3617 at
310 3561 352 3617 sia
368 3562 534 3631 deprecatus
546 3560 740 3627 eaiitrdietur,
761 3568 789 3615 et
806 3556 984 3615 consonabit
993 3555 1052 3613 ‹lis-

107 3631 263 3701 clplinam,
279 3641 307 3688 ct
318 3642 387 3688 tum
399 3632 581 3702 respondabit.
597 3630 689 3687 tiocli.
706 3632 847 3690 xxxiiii.
869 3629 925 3698 Qui
939 3640 1051 3698 oropo*

109 3704 200 3762 sitnm
212 3703 483 3773 interrogationem
496 3712 564 3775 apte
577 3703 661 3775 cupit
673 3704 833 3772 evolvere,
856 3700 1051 3761 meditabitur
