2475 4034
187 174 263 252 ,38¹0
504 172 626 242 Tams'.
676 171 832 242 Taureos.

186 338 189 351 .
225 299 336 352 Tanis.
360 297 468 350 Caram
484 291 616 364 patribus
638 305 740 346 eoram
758 290 826 361 fecit
846 291 928 346 Deus
949 288 1137 349 mirabilia
1160 294 1197 350 irs

191 378 274 426 terra
286 367 424 439 AEgypti,
444 365 474 419 ia
486 379 587 434 campo
602 367 719 419 Tantos.
734 364 783 418 Ps.
799 373 911 419 nxxvtt
926 379 968 417 aa.
983 365 1071 421 Erat
1090 365 1196 423 urbs

189 440 330 511 AEgypti,
356 451 465 506 regum
489 436 564 493 olim
588 435 704 502 selles,
736 434 774 490 ad
794 447 892 490 unum
914 449 934 490 e
956 435 1017 491 mli
1039 439 1189 505 ostiis,

191 512 274 585 quoti
286 510 358 568 iude
375 509 528 565 iunicum
544 523 600 564 seu
616 504 793 564 Taniticum
804 504 993 579 appellatum
1006 510 1077 566 e'st.
1114 513 1187 565 Νο-

190 585 326 643 minatur
346 598 363 639 a
386 579 506 652 psalte,
531 580 601 650 qnia
628 594 667 635 ex
687 578 746 636 hac
768 580 844 635 urhe
866 580 989 651 Moyses
1007 581 1186 653 prodigia

190 664 222 714 ct
237 656 341 726 plagas
353 654 385 710 iu
405 652 581 709 universam
601 653 763 722 AEgyptum
776 650 897 707 offudit.
1173 666 1179 693 τ

226 731 316 792 Tati,
331 725 396 782 sive
410 727 511 780 Tuan.
537 724 667 792 Signum
682 720 817 779 salutare
831 724 863 779 iu
874 723 1028 784 lrontihus
1040 725 1186 786 electo·

189 814 274 866 rum,
289 801 336 854 liz.
350 808 383 853 tx
393 799 419 860 l.
434 797 552 852 Omnem
562 805 676 863 autem,
687 796 1104 874 superquemoitieritisl'hau
1112 817 1181 869 ,ne

189 871 347 936 occidatis,
368 869 410 925 ait
422 881 481 925 vox
492 866 627 926 coelestis
641 867 679 923 ad
692 881 747 923 aex
760 867 971 927 interfectores
990 871 1023 927 iu
1040 873 1179 931 eodem

188 944 257 1002 viso
270 939 456 1007 Ezechielis,
479 954 508 999 v.
527 941 554 997 6.
575 942 649 996 Haec
665 938 772 996 ultima
788 948 836 995 est
848 939 1001 1010 alphabeti
1012 942 1178 1003 hebraici

189 1015 310 1083 littera,
329 1013 417 1085 cujus
431 1011 562 1081 liguram
577 1011 782 1082 peritissimus
801 1012 1006 1084 Hieronymus
1024 1016 1075 1072 ait
1086 1019 1176 1077 Eae·

190 1086 299 1147 chielis
320 1087 425 1144 seculo
442 1084 539 1142 luisse
561 1085 674 1152 talem,
698 1083 797 1153 qualis
816 1093 864 1142 est
883 1084 975 1144 hodie
994 1086 1122 1147 litterae
1141 1088 1174 1149 1·

192 1159 273 1231 apud
294 1161 416 1216 Graecos
439 1158 650 1227 Latinosque3
676 1155 823 1223 nimirum
851 1158 977 1228 crucis,
1001 1173 1071 1216 uon
1098 1159 1172 1219 ins

189 1232 295 1291 missac
304 1226 452 1303 ‘quidem,
468 1230 523 1285 sed
534 1228 718 1286 commissae.
743 1227 858 1286 liudem
880 1228 978 1300 ligura
999 1233 1168 1306 AEgyptits

191 1318 314 1378 quaque
338 1302 437 1359 Vitam
456 1301 659 1370 significahat.
1156 1312 1166 1329 ¹

226 1379 324 1431 Tuan.
345 1373 539 1445 Pracipitahit
558 1374 588 1427 in
604 1380 703 1428 monte
714 1371 771 1429 isto
786 1372 891 1443 faciem
901 1372 1006 1431 vinculi
1018 1374 1165 1446 colligati

190 1463 276 1523 saper
287 1461 385 1501 ornnes
393 1446 528 1518 populos,
543 1453 572 1500 et
585 1445 673 1499 teiam
682 1461 770 1518 qaam
779 1444 893 1502 orditas
902 1457 946 1503 est
954 1463 1041 1516 super
1050 1464 1162 1507 omues

190 1520 331 1576 nationes.
345 1520 385 1573 ls.
400 1529 499 1586 xxva.
512 1520 586 1572 Post
594 1525 771 1585 extremum
780 1525 811 1573 et
823 1518 967 1586 generale
975 1520 1159 1591 iudicium,

190 1591 230 1650 de
243 1604 312 1664 >quo
336 1596 441 1660 egerat
461 1588 610 1660 propheta
631 1589 735 1658 Capite
757 1589 938 1661 superiore,
959 1593 1005 1649 sie
1027 1592 1160 1652 coelestl

190 1670 295 1722 monte
310 1661 383 1721 sion
395 1659 535 1718 ecclesiae
548 1659 767 1731 triumphantis
780 1661 922 1733 projiciet
933 1666 1015 1720 neus
1030 1665 1158 1735 gravis·

192 1736 308 1794 simum
319 1731 479 1792 vinculum
498 1732 640 1802 peccati,
660 1733 742 1802 quod
757 1735 874 1788 actuale
886 1730 980 1792 dicim
987 1748 1036 1804 us,
1057 1743 1094 1794 et
1104 1745 1156 1794 te·

190 1808 265 1936 lansl
273 1805 427 1878 originalis
447 1804 587 1877 peccati,
611 1805 695 1874 quod
717 1805 754 1862 ab
773 1804 892 1863 Adamo
910 1806 944 1865 iu
962 1821 1074 1866 omues
1094 1822 1155 1867 ex-

191 1889 242 1937 ten
265 1880 298 1937 it.
1150 1882 1157 1919 ἒ

227 1953 398 2008 Tithonum.
414 1951 558 2022 temptam
567 1948 701 2016 Domini,
717 1949 852 2019 temptam
861 1951 977 2006 Dauum
984 1991 996 2020 ,
1009 1952 1152 2024 tempium

191 2024 451 2080 pertimentes.
473 2035 520 2081 vu
539 2024 564 2086 l.
586 2022 751 2093 Templum
770 2022 965 2091 maximum,
986 2024 1149 2082 sanctissi-

190 2108 301 2161 mum,
328 2110 489 2152 summum
506 2094 657 2152 omnium.
838 2134 842 2143 .
970 2131 976 2138 .
1111 2104 1115 2109 ’
1146 2110 1157 2172 j

226 2170 481 2227 Tnuuouuunus.
508 2169 591 2223 Deus
612 2167 664 2221 aiot
682 2166 762 2222 nohis
779 2165 907 2238 pluviam
926 2175 1151 2239 temporaneam

191 2248 219 2296 et
228 2241 386 2297 serotinam
396 2240 425 2294 in
439 2249 565 2310 tempore
575 2253 628 2293 suo
636 2276 647 2304 ,
660 2238 864 2311 plenitudinem
873 2253 979 2294 canace
987 2240 1085 2296 messis
1094 2256 1145 2297 ca·

191 2313 362 2371 stadiensem
378 2312 469 2367 nabis.
489 2313 551 2367 ier.
567 2321 589 2367 v
608 2312 652 2373 alr.
675 2309 780 2367 Pluvia
801 2319 988 2384 immoratae
1008 2311 1145 2381 (licitur,

191 2387 366 2453 ‹ruae‘agros
384 2383 486 2438 statim
507 2388 578 2451 post
599 2381 751 2438 sationem
773 2381 877 2451 rigon
901 2382 1053 2451 serotina,
1072 2397 1141 2455 quae

191 2454 328 2522 frugibus
348 2453 490 2511 ultimam
506 2453 717 2509 maturitatem
733 2452 878 2523 impertit.
1142 2452 1147 2495 ἲ

226 2526 267 2591 2).
284 2529 343 2582 Pro
365 2524 505 2593 praeoni.
530 2529 756 2594 Temporanaum
775 2535 845 2582 ante
861 2526 1066 2583 maturitatem
1083 2541 1140 2581 aa·

191 2598 286 2651 tttmni
291 2613 302 2650 :
312 2597 388 2668 qatod
397 2611 463 2668 cont
474 2596 742 2665 emmerammus,
752 2599 853 2654 statim
864 2608 993 2655 utmaau
1003 2598 1138 2667 tenuerit,

191 2669 337 2738 devorabit
355 2668 434 2723 illud,
454 2671 492 2723 ls.
512 2677 617 2723 xxviii
634 2669 659 2731 i.
681 2680 762 2734 axx,
784 2671 1044 2739 precoces‘ficus.
1065 2673 1146 2728 Fra-²

190 2749 257 2799 ctus
270 2739 478 2813 prematur&
501 2737 591 2796 solito
613 2740 704 2798 citius
723 2743 876 2812 perfecti,
901 2742 1014 2815 quihus
1031 2741 1144 2816 cupido

191 2813 275 2872 vesci
287 2813 387 2871 solent
400 2811 549 2882 plerique.
857 2826 860 2835 ·
1122 2852 1125 2855 -

225 2889 368 2944 Tauros,
388 2886 465 2941 Fecit
480 2884 581 2940 lunam
599 2886 629 2941 in
646 2894 785 2959 tempora.
807 2890 856 2944 Ps.
877 2897 996 2956 (211119.
1014 2891 1048 2943 ut
1063 2890 1138 2944 tam·

190 2970 268 3028 pora·
280 2959 481 3027 distingueret
495 2975 503 3015 ε
519 2966 553 3013 ut
564 2957 791 3016 vicissitudines
803 2966 981 3029 temporum
993 2973 1030 3018 ex
1043 2972 1077 3015 ea
1088 2963 1146 3016 oo·'

190 3031 297 3099 gnosci
309 3039 444 3102 possent.
461 3029 495 3086 m
510 3031 647 3087 Hebraeis
661 3030 832 3101 praesertim
844 3028 956 3089 accillit
970 3042 1135 3114 peroppor-

190 3113 301 3158 trinum
313 3144 322 3169 ,
342 3102 395 3173 qui
409 3115 489 3158 auno
503 3102 668 3159 utebantur
680 3101 801 3170 lunari,
822 3111 853 3159 et
863 3104 1021 3160 mensium
1034 3103 1133 3169 initia,

190 3174 255 3231 alies
269 3175 383 3241 festos,
402 3182 434 3230 ct
445 3175 547 3244 ipsum
560 3174 675 3244 pascha
687 3173 769 3233 lunae
781 3189 877 3232 cursu
890 3175 1099 3232 metiebantur.
1139 3196 1144 3213 =

225 3248 263 3313 ἓ]
282 3250 341 3304 Pro
358 3260 449 3303 anno.
474 3250 613 3315 Tempta,
635 3254 663 3301 et
682 3254 835 3318 tempera,
856 3256 885 3303 et
902 3247 1050 3303 dimidiam
1067 3256 1132 3302 tan·

188 3318 277 3385 aroris.
298 3320 374 3375 Dan.
401 3328 449 3375 vu
468 3319 502 3369 25
522 3326 552 3373 et
570 3328 617 3373 xu
638 3337 673 3386 7,
702 3332 740 3374 ac
759 3320 852 3387 Apoc.
876 3330 924 3375 xtt
950 3321 991 3383 ri.
1017 3320 1143 3385 Annus,‘=

189 3388 369 3517 hinnulum,
394 3403 448 3445 sex
469 3402 614 3456 menses3
635 3387 724 3459 proin
740 3391 884 3448 universe
905 3392 1052 3449 aaultses
1067 3402 1130 3448 cum

211 3475 266 3519 um
288 3475 329 3517 ro.
962 3478 965 3481 ·
1139 3470 1143 3501 ²

225 3532 270 3597 3)
290 3535 350 3588 Pro
373 3531 555 3588 calamitate.
579 3531 729 3589 ohsersat
752 3533 962 3605 Euthymios,
993 3531 1142 3605 temporis

189 3615 304 3658 nomen
319 3603 356 3658 ab
370 3603 506 3658 llahraeis
522 3611 554 3658 ot
571 3603 655 3673 Syris
670 3603 701 3659 in
714 3604 830 3665 malam
844 3614 964 3674 partem
978 3603 1072 3662 solere
1083 3614 1141 3661 oo·'

189 3671 276 3739 cipi,
295 3687 351 3739 pro
362 3675 509 3728 utrumuis
522 3682 554 3728 ct
566 3673 674 3742 poeuis.
698 3676 809 3730 inimici
824 3677 938 3732 Dorsum
948 3676 1059 3735 mentiti
1065 3684 1130 3732 -sme

189 3739 238 3805 ei,
260 3740 352 3798 iidem
365 3743 467 3799 <latam
483 3742 638 3801 violarunt
652 3759 659 3801 ε
673 3754 701 3803 et
717 3746 773 3803 erit
786 3755 896 3817 tempus
911 3750 920 3819 l
937 3747 958 3805 i.
980 3761 1010 3805 e.
1026 3745 1128 3820 suppil-
