2475 4034
137 164 149 235 ,ᾗ
179 98 248 236 948
432 106 451 207 1«
476 150 625 218 Manus.
673 148 814 218 Manus.
861 152 864 159 ’

179 264 314 341 eosdm,
332 262 493 338 Deumque
500 263 674 333 invocabit,
725 261 997 337 iimplorautinon
1010 258 1140 328 decrite

178 340 323 413 atquesic
333 382 342 410 ,
352 338 469 398 pivinae
479 338 692 409 humaneque
710 337 774 406 egis
787 351 927 409 memor,
940 346 1144 427 responsum?

178 414 338 542 edfflm
359 486 429 540 Ecce
441 481 571 538 misimus
583 480 624 537 ad
637 486 686 538 vos
694 459 696 463 ’
704 477 857 552 pecunias,
877 480 911 538 tic
923 480 1024 555 quibos
1042 487 1133 541 emite

147 576 149 579 ’
176 557 425 622 holocautomata,
435 563 464 611 et
476 553 558 621 titas,
570 562 597 610 et
606 554 696 625 facite
706 568 816 620 mantea
823 593 834 623 ,
848 563 877 609 ct
889 555 1133 626 offertepcopec-

131 650 147 662 ·⁴
177 628 291 685 catoad
303 642 389 683 aram
401 626 523 683 Domini.
550 629 619 682 Bar.
643 635 656 680 1
678 642 718 681 ιο.
742 627 807 682 Non
823 626 1132 696 utique‘inteiligitur

145 736 147 739 -
176 699 369 772 prodigiosus
381 697 433 755 ille
445 699 483 755 de
495 695 575 754 cneio
588 696 696 767 ponis,
709 709 811 768 neque
820 710 934 754 manna
946 699 1106 755 medicum
1118 717 1129 767 ς

177 769 233 827 sed
251 785 364 826 munus
377 770 570 840 generatim,
593 769 677 840 quod
693 768 838 824 hebraice
857 777 888 825 et
908 768 1064 829 chaldaice
1080 778 1132 829 est

175 841 314 910 ηιίηοὴας
331 843 364 899 id
379 852 444 898 axx
462 849 745 899 verteruntmanaa
761 838 810 897 vel
826 855 960 909 monaa3
980 850 1011 896 ct
1028 842 1131 897 inter-

156 926 247 983 pres
269 921 375 971 noster
396 907 569 979 hocloco,
595 912 686 982 quale
706 913 891 982 invenerat,
914 912 1048 982 reliquit.
1075 913 1135 969 ni*
1235 956 1236 965 ,

176 991 288 1042 cuntur
310 986 426 1042 mincio
439 984 473 1040 in
494 984 578 1041 fonte
602 984 749 1043 nenraico
766 996 897 1042 munera
918 984 962 1042 de
985 983 1128 1054 frugibus

175 1064 287 1123 terrae,
314 1072 382 1130 quac
397 1055 471 1113 Cain
489 1059 554 1113 Deo
572 1044 704 1124 obtulit,
726 1057 800 1111 Gen.
822 1057 907 1123 1v53
931 1057 1035 1122 dona,
1057 1069 1129 1126 quae

176 1128 270 1185 Jacob
282 1129 371 1187 fratri
382 1132 463 1185 Esau
476 1128 584 1193 affert,
602 1129 686 1185 Geni·
698 1138 790 1184 xxxii
806 1127 837 1184 ιδ
855 1135 888 1203 et
908 1128 939 1181 18
955 1127 1128 1197 ,remma

175 1214 204 1256 v.
227 1201 259 1259 rii
276 1209 307 1257 et
327 1219 358 1272 ²9
373 1218 382 1267 ;
405 1199 592 1256 sacrificium
610 1215 629 1254 e
647 1197 777 1269 panibus
790 1238 802 1265 ‚„
821 1199 962 1269 laganis,
983 1207 1016 1255 et
1034 1198 1125 1271 oleo,

176 1273 246 1328 Lev.
261 1274 314 1336 ui
328 1291 337 1340 3
350 1280 381 1329 et
392 1286 521 1327 munera
534 1271 592 1326 alia
607 1270 688 1327 aiibi.
703 1269 902 1328 chaldaicum
914 1271 1032 1326 mincia
1044 1272 1123 1328 Dan.

177 1352 203 1397 11
214 1344 268 1409 ii,
283 1345 365 1414 quod
377 1353 441 1399 ixx
454 1351 658 1412 reposuerunt
670 1356 796 1409 manao,
815 1344 910 1413 syrus
922 1349 955 1401 et
966 1340 1062 1400 arabs
1075 1341 1126 1400 in·

176 1420 382 1482 terpretantur
392 1415 470 1472 dona
481 1414 599 1481 obtata,
616 1421 647 1469 et
659 1415 895 1471 nostertnstias.
1053 1448 1057 1455 ,

211 1487 331 1542 Maitos.
353 1487 420 1542 Pro·
432 1484 612 1542 ministerio.
637 1486 812 1555 Testiticotas
825 1495 868 1542 est
887 1486 1026 1545 nominas
1038 1483 1069 1541 itt
1079 1487 1125 1542 is-

148 1594 150 1597 ψ
175 1556 239 1611 caii
250 1594 261 1623 ‚
288 1566 317 1613 et
333 1556 363 1613 ia
383 1558 487 1626 iada²
507 1570 702 1628 per‘monam
722 1558 850 1613 omnium
867 1559 1077 1630 Prophetarum
1094 1566 1125 1615 et

178 1628 348 1685 Videatiama
369 1631 397 1689 i.
412 1633 484 1699 lieg.
500 1639 570 1686 xvii
585 1630 626 1684 ro.
648 1629 767 1687 Monuit
783 1644 841 1700 per
852 1629 1011 1688 ministros
1028 1642 1123 1698 suos,

146 1738 149 1745 J
177 1714 233 1770 per
243 1714 352 1758 omnes
364 1702 527 1773 prophetas
541 1709 572 1758 et
587 1702 763 1759 futurorum
775 1701 930 1773 praescios.
953 1708 1045 1758 Jaata
1058 1717 1121 1757 ser-

176 1787 290 1828 monem
301 1774 433 1841 Domc‘ai,
449 1790 532 1846 quem
550 1775 662 1830 iocatus
680 1783 723 1829 est
742 1772 772 1829 ia
787 1789 877 1829 mona
894 1773 969 1831 seroi
985 1774 1031 1830 sai
1045 1775 1124 1830 Abia

147 1868 149 1872 Α
175 1845 326 1916 propiata.
346 1846 373 1902 3.
391 1847 463 1915 neg.
479 1856 534 1903 xiv
551 1847 591 1901 ι8.
607 1859 699 1916 quem
715 1845 862 1903 indicavit
871 1860 927 1917 per
942 1846 1120 1903 ministrum

177 1930 269 1975 suum
282 1918 409 1974 'eniam
437 1918 643 1985 Quamobrem
657 1917 733 1991 'ipsa
752 1918 845 1975 etiam
866 1918 1042 1976 vaticinatio
1063 1932 1120 1976 seu

176 1988 336 2059 prophetia
362 1988 473 2047 dicitur
495 1989 606 2048 alicubi
630 2003 752 2047 manus.
783 1990 975 2048 incenderant
998 1991 1119 2046 eiectam

146 2060 500 2120 <sanctitatiscioitatem
511 2063 650 2134 ,turbem
665 2071 804 2122 sanctam
815 2063 987 2127 ierusalem
1031 2071 1059 2119 et
1073 2062 1123 2118 <ie-

177 2143 270 2192 sertas
288 2136 417 2207 fecerant
431 2137 491 2193 vias
510 2137 616 2208 ipsias,
634 2137 664 2191 ia
678 2152 768 2192 mana
782 2137 918 2194 tornaio.
935 2103 1028 2194 Eccsi.
1046 2143 1122 2191 xcix

177 2208 203 2261 8.
224 2221 287 2266 non
305 2209 393 2281 quasi
405 2210 555 2266 ieremias
574 2209 689 2265 urbem*
701 2209 893 2277 incenderit,
916 2206 965 2266 vel
985 2208 1118 2278 depopu-

175 2278 256 2338 latus
267 2280 306 2336 sit
319 2300 328 2348 ;
348 2281 402 2336 sed
415 2282 584 2338 seeundum
593 2279 660 2349 ejus
673 2280 861 2339 vaticinium.
880 2279 931 2338 sic
944 2287 974 2336 et
986 2280 1054 2350 ipse
1065 2282 1119 2335 te-

176 2351 289 2408 remias
303 2352 465 2420 gloriatum
477 2367 511 2408 se
529 2366 597 2407 esse
610 2352 708 2421 inquit
719 2352 751 2408 in
764 2353 896 2409 Domino
910 2353 955 2408 t'o
965 2350 1042 2422 sacia
1053 2358 1129 2407 mue
1143 2380 1145 2384 ·

144 2438 146 2443 ¹
175 2437 230 2477 aas
249 2430 315 2493 too.
341 2425 403 2478 ter.
424 2433 467 2477 xv
488 2440 528 2490 17.
551 2423 638 2489 Quod
657 2425 737 2478 Deus
755 2430 839 2480 tanta
857 2422 1065 2479 familiaritate
1085 2438 1122 2481 se

175 2492 378 2561 dignaretur,
407 2500 437 2547 et
460 2492 645 2548 vaticinandi
667 2505 780 2550 ustinus
805 2491 864 2550 sibi
887 2492 1116 2563 commisisset,

173 2562 248 2619 iicet
259 2562 412 2629 arduum,
431 2569 597 2619 tatemere
615 2561 751 2631 pienum.

184 2634 248 2701 ,ii
264 2635 325 2690 Pro
345 2641 502 2703 potestate.
523 2633 637 2688 Dimisit
654 2647 700 2687 eos
720 2634 750 2690 ia
767 2642 861 2691 matta
872 2633 1034 2707 iniqnitatis
1046 2649 1116 2695 sao.

173 2705 240 2763 tob.
259 2716 320 2762 vin
333 2707 358 2770 i.
382 2705 526 2761 Permisit
536 2720 590 2762 eos
610 2707 773 2775 potestati,
799 2721 835 2764 ae
855 2706 949 2765 veluti
965 2708 1118 2780 ponderi,

173 2776 340 2849 iniquitatis
363 2791 442 2844 suae,
469 2791 564 2848 aquo
583 2776 614 2834 in
634 2775 761 2835 exitium
779 2779 868 2836 tracti
889 2785 962 2836 sunt
975 2797 984 2846 ;
997 2789 1117 2849 morte,

173 2855 305 2921 propter
316 2848 422 2920 culpas
440 2849 562 2910 debita,
584 2847 717 2919 opprimi
735 2863 788 2907 eos
806 2865 914 2922 passus
928 2858 985 2908 est.
1006 2854 1118 2924 Eripuit

172 2928 218 2976 me
240 2923 274 2978 de
291 2937 382 2978 mana
402 2922 509 2988 ieonis,
531 2930 560 2977 et
583 2922 617 2977 de
632 2936 722 2977 atoma
741 2922 810 2977 arsi.
833 2923 859 2980 1.
886 2926 958 2993 lter.
977 2934 1053 2981 1xv11
1072 2926 1116 2995 37.

173 2997 249 3049 Erae
260 3023 276 3035 -
287 3024 303 3037 -
314 3024 331 3036 -
342 3025 359 3037 -
371 2994 405 3050 de
420 3010 511 3050 maon
528 2995 608 3050 conis
627 2993 741 3049 atticam
753 3008 869 3062 meam,
889 2995 985 3052 vitam
1005 3009 1116 3054 meam.

173 3067 222 3122 Ps.
244 3077 299 3122 xxi
316 3083 360 3120 st.
379 3069 453 3121 Deas
471 3068 590 3123 redimet
605 3065 734 3122 anianum
753 3083 849 3123 amam
865 3067 899 3123 oie
914 3082 1006 3123 mana
1023 3068 1116 3139 inferi.

172 3140 222 3194 Ps.
245 3149 349 3195 xuvrtr
373 3140 413 3193 ιθ.
439 3140 601 3196 prodeatur
621 3140 652 3193 m
670 3154 774 3194 monas
790 3139 890 3210 matii.
917 3140 965 3195 Ps.
985 3150 1053 3196 exn
1076 3148 1116 3200 rr.

173 3210 358 3267 potestatem
375 3210 511 3286 intellige
525 3230 534 3277 ;
554 3226 608 3285 seu
619 3208 814 3287 belluarum,
834 3218 865 3269 et
882 3207 978 3267 invidi
997 3210 1117 3278 hostis3

173 3282 353 3339 s'e'umortis
372 3296 408 3338 ao
426 3282 580 3352 sepulcri,
603 3289 635 3338 et
653 3281 745 3350 gladii
762 3282 890 3341 hostilis.
917 3281 1067 3340 israelitae
1079 3298 1116 3341 ex

171 3355 298 3423 AEgypto
317 3369 335 3410 a
353 3355 418 3411 Deo
438 3355 611 3410 educuntur
634 3353 666 3407 ia
683 3370 774 3411 mana
790 3356 911 3412 eccctsa.
936 3355 988 3409 Ex.
1013 3354 1112 3411 xlvi.

171 3422 252 3493 iuter
272 3423 428 3482 luculenta
446 3426 563 3481 Divinae
585 3426 740 3500 potestatis
762 3426 900 3502 indicia3
925 3427 1115 3496 percutiente

171 3492 304 3551 Domino
319 3496 473 3566 AEgyptios
486 3495 605 3563 valide,
627 3495 726 3554 instar
746 3498 880 3555 hominis
898 3496 979 3555 elatu
993 3497 1115 3554 dextera

171 3563 317 3647 ferientis.
344 3569 472 3635 Sciant,
497 3570 567 3641 qaia
587 3583 691 3625 manas
717 3578 768 3626 tao
785 3572 871 3639 hac,
900 3577 928 3625 et
949 3575 982 3622 ta
998 3569 1116 3625 Domine

170 3632 354 3717 serotinam.
374 3640 424 3694 Ps.
440 3650 521 3696 cvm
541 3658 584 3710 27·
604 3640 794 3712 intelligant,
815 3649 867 3698 tua
885 3646 1035 3711 potestate
1051 3639 1116 3703 heo

170 3710 296 3780 Petam,
317 3716 348 3763 et
359 3714 388 3763 te
404 3709 464 3766 hoc
477 3712 586 3769 iecisse
603 3731 612 3778 ;
625 3728 690 3768 eom
703 3754 712 3780 ,
731 3726 787 3782 per
798 3711 1011 3771 hebraismum
1023 3752 1033 3782 ,
1045 3710 1116 3771 loeo

170 3769 221 3824 at:
239 3782 349 3834 neutro
366 3779 450 3836 euim
467 3796 580 3852 genere
597 3783 701 3856 lingua
720 3792 826 3842 sancta
845 3791 939 3863 caree
