2475 4034
378 180 380 185 ,
429 116 549 186 suun
595 117 645 186 81.
916 76 1015 222 '357'

12 280 14 287 .
54 230 294 293 oistisessienem
304 232 704 297 enam‚etresurrectt0nem
715 236 1012 300 meumeiutettectstl

57 305 258 376 cogitationes
274 319 351 358 ntem
363 303 398 358 de
410 304 517 374 ionge,·
534 305 666 360 semitam
679 321 790 373 meum,
810 317 838 362 et
850 310 1011 379 saniculam
1098 336 1101 341 ·

55 392 163 434 meum
192 374 386 442 (hebraice,
412 374 645 431 accubationem
669 379 792 444 meam)
815 379 1006 453 investigasti.

54 451 116 504 Ps.
137 456 283 503 cxxxviii
302 462 316 498 ι
334 460 378 516 sq.
403 448 451 500 Tu
471 450 584 502 statum
604 460 711 504 meum
731 462 875 518 omnem,
900 466 1009 514 omnes

55 532 153 578 meas
165 516 410 581 vicissitudines,
430 515 567 587 requiem
577 525 608 573 et
619 517 756 575 laborem
766 522 845 595 nosti
860 537 868 578 z
881 529 914 579 tu
926 524 1009 595 ipsas

38 589 267 659 'cogitationes
281 602 366 643 meas
375 587 451 644 olim
461 587 611 658 prospicis
625 604 634 645 ε
648 591 753 647 tuscis
767 604 889 649 omnem
904 592 1010 658 meum

55 665 213 719 conatum
223 658 336 743 aliquid
346 659 538 731 acquirendi,
550 667 581 716 ct
592 660 693 730 ipsam
702 661 747 718 rei
755 664 1006 737 acquisitionem,

51 746 101 790 ac
114 744 352 801 possessionem.

41 847 47 855 .
100 805 207 859 Snnttt
220 803 283 858 sive
302 804 439 858 Senatu.
460 804 511 857 Ex.
527 813 592 858 xxv
612 819 644 855 ιο
657 814 729 874 sqq.
748 818 787 862 ac
809 804 957 879 deinceps,
973 811 1008 870 ln

52 875 145 933 libro
155 872 251 930 Exodi
273 887 362 942 saepe.
387 874 515 941 Lignum
534 874 723 943 pretiosum,
744 877 824 945 quod
840 878 926 934 carie
944 894 1008 941 non

54 947 233 1004 infestatur.
264 944 295 1001 Si
312 943 500 1001 Talmudicls
513 945 690 1012 credimus,
711 960 807 1015 genus
820 952 1008 1016 nraestantis-

52 1017 178 1076 simum
189 1016 273 1072 cedri
282 1023 339 1072 est.
355 1019 483 1086 Europae
494 1015 597 1085 ignota
609 1016 675 1072 haec
686 1019 778 1074 arbor
788 1019 985 1079 videturesse
995 1038 1016 1084 t,

48 1087 271 1147 cedrusenim
289 1095 402 1143 nosttae
420 1087 530 1144 similis
553 1088 580 1144 si
601 1087 729 1156 fuisset,
752 1103 814 1149 non
833 1090 1007 1161 reliquisset

52 1161 269 1230 Hieronymus
282 1158 316 1214 in
337 1158 433 1216 latino
455 1173 567 1221 nomeu
581 1159 782 1225 hebraicum,
806 1162 860 1218 sed
875 1164 1006 1224 cedrum

55 1231 198 1289 dixisset.
221 1233 267 1287 -Ex
282 1230 341 1287 hoc
357 1229 439 1299 ligno
453 1244 523 1289 arca
537 1231 677 1298 ioedcris,
701 1230 795 1288 altare
814 1230 1003 1302 holocausti,

55 1303 159 1360 altare
174 1301 400 1373 thymiamatis,
421 1301 540 1375 aliaque
553 1303 586 1358 in
599 1315 691 1359 usum
708 1303 898 1361 tabernaculi
909 1304 1005 1363 labri-

41 1383 129 1433 =-cata
144 1382 225 1429 sunt.
513 1386 514 1389 ’
920 1426 923 1433 .
952 1386 956 1436 ξ

38 1491 43 1500 .
94 1447 133 1512 2)
151 1442 375 1510 settim,locus
386 1444 420 1500 in
429 1444 656 1515 campestribus
666 1446 774 1513 Moab,
788 1445 819 1502 in
830 1446 940 1517 quihus
949 1463 1004 1508 rex

38 1564 41 1568 .
53 1516 156 1574 Balac
169 1515 444 1585 periculosissimas
456 1524 488 1572 et
500 1530 622 1573 summe
634 1517 740 1574 noxias
752 1517 879 1574 insidias
898 1519 1004 1580 lsradll

40 1586 200 1653 tetendit.
221 1588 323 1656 Popule
336 1603 433 1654 mem,
451 1598 607 1656 memento,
622 1600 736 1660 quase,
750 1589 819 1660 quid
831 1590 1005 1658 cogitaverit

54 1660 213 1716 Baiaerea
222 1660 324 1727 Moab,
343 1663 372 1715 et
386 1659 455 1732 quid
469 1661 645 1730 responderit
656 1660 681 1715 ei
695 1661 815 1717 Βαὶααιη
826 1661 901 1730 fitius
912 1667 1002 1729 Reor,

52 1733 91 1788 de
102 1730 209 1786 Settt'm
222 1746 309 1802 usqae
322 1732 541 1803 addaigoiam,
561 1741 593 1789 at
609 1746 793 1800 cognosceres
803 1732 935 1802 justitias
945 1737 1003 1789 Do-

53 1802 141 1859 mini.
152 1802 244 1859 Mich.
259 1814 292 1859 vt
303 1804 329 1857 5.
341 1803 485 1869 Quamvis
494 1801 524 1857 in
537 1803 644 1859 settim
657 1801 787 1872 populus
799 1815 872 1875 cum
883 1800 1002 1861 dliabua

39 1874 150 1932 Moab
169 1873 351 1942 gravissime
373 1873 546 1941 peccaverit
569 1875 673 1940 (dum.
689 1883 753 1928 xxv
769 1876 804 1939 ι(
824 1880 927 1928 tamen
945 1889 1002 1944 per

52 1946 186 2003 Balaam
211 1944 278 2013 ejus
302 1943 478 2009 felicitatem
499 1943 648 2011 praedixi,
672 1957 805 2013 eumque
829 1943 946 2011 protexi
964 1944 1004 2000 alt
1052 1948 1055 1955 '

40 2018 171 2074 eodem
184 2014 254 2071 loco
270 2029 368 2083 usque
382 2013 420 2068 ad
431 2021 547 2069 terram
559 2015 765 2083 promissam,
783 2028 881 2085 usque
892 2015 1000 2085 (talga-

51 2088 121 2144 lam
147 2101 155 2142 :
176 2094 266 2210 atqisse
287 2084 375 2140 illum
394 2082 516 2154 justitie
538 2093 568 2140 et
582 2083 795 2143 sanctimonie
806 2085 1000 2145 documentis

51 2159 109 2216 ubi
135 2156 231 2213 ueim
254 2154 296 2211 ui.
906 2184 910 2193 ·

94 2173 140 2286 sil.
164 2231 382 2296 saepenumero
394 2224 593 2296 estimantis.
610 2226 695 2299 *illias
715 2227 753 2285 ad
765 2226 868 2285 Achab
879 2241 1000 2298 regem:

40 2302 133 2360 ,Vivit
153 2298 290 2355 nonaum
303 2301 376 2353 Deus
392 2300 496 2365 lsrael,
512 2299 545 2354 tn
560 2299 643 2368 cujus
659 2310 811 2371 conspectu
822 2308 889 2367 sto,
907 2301 933 2354 si
946 2300 1002 2355 erit

44 2372 196 2441 ,anntstts
211 2386 259 2427 ror
277 2378 306 2425 et
320 2371 425 2439 pluuia.
441 2370 471 2426 3.
487 2374 560 2439 aeg.
575 2381 640 2427 xvtt
657 2389 686 2431 ι.
710 2373 805 2438 Quam
826 2374 1000 2444 veredicus

17 2490 21 2495 .
52 2444 155 2509 vivit,
173 2448 374 2499 tamcertum
387 2449 452 2506 est,
475 2441 595 2500 nullium
613 2457 669 2512 per
686 2441 743 2498 hos
762 2454 857 2499 annos
872 2455 998 2507 rorem,

46 2514 176 2581 nullam
194 2513 330 2585 pluviam
342 2514 416 2569 iore.
441 2515 555 2570 Eodem
571 2514 665 2570 modo
683 2512 748 2584 ipse
761 2517 843 2570 Dens
860 2527 1002 2571 nonnun-

54 2600 154 2656 quam
172 2586 260 2655 jurat.
283 2586 314 2640 Si
325 2585 487 2640 diatittetur
499 2585 636 2657 iniquitas
652 2587 709 2641 aec
727 2586 820 2652 uobis,
839 2584 927 2641 donec
940 2598 1000 2640 mo·

45 2659 199 2722 ,riemann
228 2657 296 2713 dicit
313 2658 460 2712 Dominus.
489 2660 527 2713 ls.
551 2667 620 2712 xxtt
651 2657 691 2720 nt.
712 2658 808 2723 Quam
827 2670 900 2712 rere
917 2654 999 2713 licus

55 2742 147 2792 sum,
171 2736 234 2783 tam
248 2736 331 2784 certo
349 2743 411 2785 non
431 2730 599 2797 ignoscam.
626 2728 740 2783 duravit
757 2727 891 2785 Dominae
910 2727 940 2780 ia
951 2742 1000 2781 su·

54 2799 189 2868 panium
203 2801 290 2854 Jacob
308 2815 319 2850 .·
338 2801 368 2854 si
386 2801 489 2856 oblitus
512 2801 596 2870 tuero
622 2814 710 2871 usqae
737 2800 776 2854 nti
800 2800 882 2874 {ineat
903 2797 1000 2852 omniu

55 2884 267 2938 opmueorum.
295 2872 387 2927 Amos
414 2883 475 2928 vtn
498 2890 525 2939 7.
548 2874 721 2929 veraxnon
740 2870 869 2935 credar,
890 2868 916 2924 si
934 2867 1000 2926 ltaec

57 2940 222 2998 obliviscar
239 2941 484 3010 inperpetuum,
506 2943 606 2998 sinon
619 2942 750 3010 denique
762 2941 924 2997 vindicem.
944 2943 999 2995 Ju-

57 3012 123 3066 ravi
136 3013 169 3067 in
185 3013 233 3067 ἱνα
250 3028 315 3066 mea
327 3029 337 3064 .·
350 3014 379 3068 δι’
390 3012 550 3069 iatroidttat
562 3014 592 3068 ia
603 3013 728 3084 requiem
739 3027 842 3067 meum.
859 3010 949 3066 Helm.
965 3020 1000 3067 lv

57 3082 91 3148 ὅ,
106 3098 144 3139 ex
158 3087 206 3141 Ps.
221 3094 299 3141 xutv
314 3101 353 3140 ιι.
377 3088 531 3142 Deusnon
544 3084 671 3150 credar,
686 3083 712 3138 si
731 3082 859 3139 introire
873 3083 948 3138 istos
966 3081 999 3139 in

56 3161 174 3212 terram
191 3155 392 3227 promissam,
405 3164 441 3216 ,et
452 3155 483 3212 in
496 3170 532 3212 ea
549 3155 742 3226 requiescere
754 3154 862 3224 patiar.
889 3160 891 3167 ⁴

46 3264 50 3270 -
83 3227 130 3299 lt)
151 3226 203 3294 si,
223 3241 279 3298 pro
296 3228 502 3293 au.,Domiae,
523 3226 548 3282 si
569 3227 607 3294 (i.
622 3241 649 3283 e.
668 3226 726 3293 an)
750 3227 780 3280 ta
804 3234 930 3294 talepore
947 3227 999 3279 noe

55 3298 192 3354 restitues
204 3314 329 3369 reguum
342 3298 453 3354 lsrael?
465 3301 529 3354 Act.
545 3307 557 3352 t
569 3300 595 3354 6.
608 3297 687 3352 mett
700 3305 796 3351 eutem
807 3297 935 3370 princeos
948 3311 998 3350 su-

50 3369 228 3426 -cerdotume
238 3371 268 3426 si
280 3374 338 3428 tec
350 3370 393 3426 ita
401 3370 543 3426 retuderit
554 3372 567 3425 t
579 3382 655 3426 num
665 3369 730 3426 haec
739 3382 811 3425 vera
824 3368 919 3425 sumt
931 3367 996 3421 det.

58 3449 108 3496 vit
121 3458 148 3495 ι.

12 3522 13 3543 ¹
96 3510 131 3577 3)
148 3513 206 3567 Pro
219 3525 302 3568 sane.
317 3516 354 3569 Et
368 3513 440 3569 dicet
452 3512 557 3568 tomo:
574 3510 605 3567 Si
618 3511 715 3582 utique
726 3519 768 3565 est
776 3504 996 3580 tractatione,

51 3581 158 3652 ¹utique
174 3591 216 3638 est
234 3587 307 3638 Deus
321 3585 458 3654 judicans
472 3590 522 3638 'eos
537 3583 566 3636 in
581 3591 677 3638 terra.
698 3584 746 3637 Pe.
767 3590 835 3636 nvn
851 3577 905 3633 ult.
927 3578 998 3658 Pro·

59 3651 139 3710 iectu
156 3662 205 3711 est
222 3669 296 3709 suus
309 3656 413 3726 utique
431 3655 547 3712 fructus
567 3652 668 3724 iusto:
686 3660 734 3709 est
747 3665 820 3708 sane
831 3650 999 3711 munitius·
