2475 4034
476 117 611 182 Lucro.
663 116 807 182 Lusias.
987 147 992 157 ·
1025 109 1096 196 243

149 230 260 299 (Patre
275 226 411 297 ooelestii
430 230 510 286 uuus·
526 239 660 302 tenpore.
681 234 771 288 Pror.
795 240 856 290 viu
874 229 919 285 δυ.
942 240 1005 289 txx
1020 229 1098 289 dilu-

145 302 215 359 side
230 301 388 358 :Laetalsar
400 301 432 356 in
445 312 612 371 conspeetu
625 303 691 371 eius
703 302 791 358 omni
803 311 943 372 tempore
952 320 962 366 ;
971 302 1098 369 eodem·

145 386 204 443 quo
224 373 318 427 verbo
336 379 464 428 utuntur
479 388 505 430 v.
528 388 572 444 sq.
595 376 650 430 sed
669 376 707 429 ad
729 378 851 430 Patrem
868 373 1027 441 referunt,
1051 372 1099 429 di·

145 451 272 509 centes,
293 456 365 499 eum
375 457 445 500 esse
458 444 614 513 laetatum,
642 459 713 501 cnm
732 445 841 503 orbem
861 453 1015 501 terrarum
1028 459 1098 518 per·

145 515 276 571 fecisset.
291 512 469 571 Gaudebant
481 515 630 577 nimirum
644 517 735 572 ambo
747 528 760 581 ,¹
779 519 869 573 Pater
881 524 914 571 et
926 516 1079 584 Sapientia
1086 553 1097 583 ,

146 587 185 647 tle
202 585 325 643 condito
341 586 416 643 orbe
437 595 620 654 terrarum,
641 589 681 645 ob
700 587 842 647 Divinam
862 587 991 655 gloriam
1010 585 1042 651 in
1060 600 1099 644 eo

146 666 213 715 tam
220 655 324 719 medes
333 658 489 729 variisque
499 659 600 718 modis
613 659 850 717 manifestatam.
864 659 976 719 luders
989 656 1018 715 iu
1030 657 1100 715 uror

148 738 305 792 terrorum,
325 728 397 785 ibid.
418 746 448 786 v.
469 729 512 786 is.
1086 748 1090 758 ’

182 802 214 868 i)
223 799 764 872 Proinsectarilsmadlemlegimns
774 803 989 859 tudmterucum
998 804 1096 870 isaac,

145 872 218 928 Gen.
241 880 352 942 ux193
374 880 406 928 et
420 872 512 940 ideo,
533 881 663 943 urgento
683 877 780 941 Sara,
806 873 936 944 ipsoque
951 873 1099 932 hortante

146 945 228 1009 lieo,
246 958 309 1013 pua
329 952 511 1015 commatre
527 948 608 1014 ngas
627 945 665 1002 ab
684 945 859 1003 Alsraltamo
877 945 995 1001 aedibus
1014 942 1099 1014 ejece

143 1020 221 1071 tram.
240 1024 268 1071 v.
293 1032 325 1068 ιο
338 1029 407 1086 sqq.
424 1017 545 1074 Lndum
560 1018 645 1075 huno
661 1019 700 1074 ad
718 1017 872 1088 impudica
894 1024 1015 1073 traxere
1032 1015 1099 1086 qui·

147 1085 218 1141 dam
242 1100 280 1141 ex
301 1100 410 1151 eorum
433 1094 606 1149 ascetarum
629 1103 769 1158 genere,
801 1088 911 1158 ostibus
937 1087 1041 1145 omnia
1065 1087 1099 1144 in

148 1157 321 1227 Scripturas
340 1158 465 1215 Divinas
485 1159 586 1221 licent.
610 1160 699 1231 Atqui
712 1159 928 1217 eertissimnm
947 1159 1098 1216 habemus

145 1228 345 1301 interpretem
358 1230 488 1289 Paulum
499 1270 516 1298 ,,
541 1232 583 1291 fui
599 1231 636 1287 do
656 1235 762 1289 isaaco
774 1238 805 1287 et
820 1229 952 1288 ismaele
967 1229 1096 1292 scribit:

147 1300 294 1370 Quomodo
307 1311 377 1357 tuae
390 1302 431 1370 is,
444 1305 494 1374 qui
504 1247 663 1358 tertiandum
678 1319 796 1360 currem
809 1311 896 1359 uatus
910 1303 1021 1372 suerat,
1032 1317 1097 1372 per·

145 1372 318 1443 repetebatur
341 1389 428 1439 euru,
455 1375 504 1446 qtd
522 1375 680 1433 seruaturus
702 1375 839 1446 spiritum
860 1391 871 1430 .·
895 1375 939 1430 itu
958 1382 987 1429 et
1006 1389 1094 1430 nuuc.

146 1444 201 1500 Sed
218 1445 286 1519 quid
303 1444 371 1501 tlt‘ct't
384 1445 537 1515 Scriptura
556 1464 567 1501 :
585 1447 663 1517 Ejice
675 1448 839 1513 urie-iilum,
862 1455 890 1501 et
906 1446 996 1516 [dium
1013 1446 1097 1516 eius:

145 1530 203 1573 uon
218 1518 294 1572 euim
312 1518 399 1572 tereres
415 1519 472 1574 erit
486 1519 562 1587 fitius
575 1518 687 1574 ursciilee
702 1534 768 1574 curs
782 1519 839 1588 (iiio
850 1517 952 1573 liberte.
976 1518 1040 1573 Gal.
1061 1528 1098 1575 iv

146 1602 180 1657 sp
192 1602 236 1663 sq.
260 1587 387 1645 videbat
404 1589 533 1657 ismael,
554 1592 660 1648 isaaco
675 1591 885 1649 haereditatem
899 1589 1096 1659 prioremque

146 1658 249 1726 locum
262 1660 432 1727 destinari,
454 1661 547 1732 idque
566 1663 671 1720 auimo
689 1663 799 1733 iniquo
816 1660 935 1719 terebat
955 1675 1033 1730 puer
1050 1660 1099 1715 ie-

147 1730 226 1789 rosis
247 1731 383 1801 ingenii,
408 1741 440 1789 et
453 1733 546 1789 annis
564 1745 625 1799 xtv.
638 1744 707 1791 ante
724 1737 871 1794 isaacum,
882 1738 972 1788 natus
994 1746 1002 1786 z
1022 1744 1096 1789 nam

145 1804 297 1872 octogiuta
314 1812 342 1861 et
354 1819 406 1858 seu
422 1821 567 1861 neruorum
587 1815 652 1861 erut
666 1808 835 1871 Atratum,
855 1803 972 1875 quaudo
989 1802 1098 1871 peperit

146 1875 172 1943 ei
185 1876 268 1947 Agar
287 1877 457 1946 lamuelem
481 1878 581 1946 (Gen.
603 1888 661 1934 ιινι
676 1877 730 1933 ult
749 1879 758 1942 i
780 1879 866 1931 lsaao
885 1880 1097 1937 antemnates

145 1955 213 2014 est,
239 1964 306 2003 eum
317 1958 433 2005 centurn
444 1958 516 2005 esset
529 1963 682 2005 aurorum.
700 1950 774 2003 Gen.
791 1957 847 2004 ιιιιι
863 1947 889 2002 5.
905 1949 1096 2014 Quapropter

147 2017 329 2081 illudenset
349 2032 462 2077 vexans
481 2020 708 2092 persequebatur
730 2033 814 2084 euru,
841 2026 873 2074 et
893 2016 1095 2074 insectatione

146 2105 202 2146 sua
216 2091 389 2148 declarabat
402 2133 410 2157 ,
431 2106 590 2162 nunqnam
603 2104 636 2148 se
649 2089 842 2148 dominatum
860 2088 928 2160 ejus
946 2088 1094 2145 toleratu-

148 2176 226 2218 rum.
244 2163 314 2230 Sie,
329 2162 429 2234 inquit
442 2164 554 2225 Paulus
566 2161 585 2218 l.
601 2164 631 2219 d.
648 2164 815 2235 synagogae
824 2168 972 2231 tanquam
987 2158 1096 2228 agaris

148 2232 201 2289 lilii
225 2234 413 2293 christianos
438 2234 655 2302 exagitabant,
684 2233 794 2305 quibus
815 2238 919 2289 tamen
947 2230 1094 2289 divinitus

148 2304 382 2375 principatuset
398 2306 557 2365 hereditas
571 2306 813 2364 destinabantur.

185 2376 221 2444 ii
241 2380 302 2439 Pro
320 2377 448 2435 adorare
468 2376 679 2437 simulacrum.
698 2377 775 2433 Sedit
785 2375 907 2445 poardus
919 2375 1098 2430 munducare

147 2446 261 2505 tbiiere
270 2490 280 2518 ,
290 2457 319 2507 et
327 2459 521 2507 sur-reuerent
529 2449 634 2505 ludere.
648 2451 699 2505 lix.
712 2449 838 2505 xxxiii.
860 2446 1095 2516 Tripodiarunt,

148 2534 280 2585 enumen
294 2521 383 2577 vituli
397 2523 444 2577 sui
458 2520 669 2589 celebrantes,
689 2519 822 2590 sacrilgo
839 2518 899 2578 hoo
910 2517 981 2576 lusu
994 2515 1097 2575 euasti

148 2591 310 2649 idololatrae
325 2593 352 2649 l.
368 2593 437 2650 Cor.
452 2606 472 2651 ιι
487 2612 512 2661 7.

184 2664 219 2730 lsi
233 2664 402 2723 Concilium
412 2663 592 2721 ludentium.
607 2668 669 2720 lton
678 2662 777 2721 sediia
787 2663 907 2721 concilio
916 2659 1094 2726 ludurium,

148 2734 340 2805 jocantium,
365 2735 509 2793 salutaria
528 2734 733 2793 deridentium
752 2751 760 2790 :
783 2744 811 2790 et
828 2735 973 2803 gloriatus
995 2746 1059 2786 sum
1075 2748 1096 2784 u

54 2854 63 2869 ,
148 2807 223 2876 socie
238 2822 341 2862 munus
355 2815 412 2862 tuu
428 2824 440 2862 .·
457 2810 533 2863 solus
546 2808 699 2874 sedeuuss,
719 2806 858 2877 qstouiuru
873 2803 1095 2860 corrsmiuuu'oue

148 2879 264 2950 replesti
277 2894 330 2934 rue.
349 2880 410 2934 ier.
430 2891 473 2937 xv
490 2898 531 2948 17.
548 2878 683 2935 Gloriam
698 2890 800 2933 meam
814 2889 939 2932 omnem
956 2875 988 2928 in
1004 2872 1095 2931 fami-

149 2948 278 3006 liaritate
292 2958 343 3006 tua
354 2949 461 3008 Divina
475 2951 565 3009 sitam
578 2962 647 3007 esse
658 2948 739 3003 duxi.
755 2945 913 3004 solitarius
924 2942 1095 3001 meditabar

149 3032 277 3078 manum
290 3029 393 3089 tuam,
407 3021 427 3077 i.
444 3038 470 3080 e.
489 3019 682 3093 prophetiam
697 3033 705 3074 ι
718 3017 828 3089 plenus
840 3016 925 3072 enim
937 3028 1023 3073 eram
1036 3020 1094 3071 ter·

149 3093 383 3151 roreminarnm
395 3092 541 3163 tuarum,
563 3098 594 3148 et
606 3104 715 3147 manus
734 3097 794 3146 tuae
806 3086 923 3145 ultricis
937 3097 1033 3155 regno
1045 3083 1093 3141 in·

149 3170 279 3221 tentatae.
1073 3215 1076 3220 ,

184 3235 267 3303 itin
282 3236 388 3293 avibus
403 3235 517 3293 rudere.
532 3240 601 3291 Bar.
618 3242 657 3289 ιιι
674 3250 713 3301 ¹7·
729 3231 867 3302 Aucupio
880 3242 912 3287 se
922 3226 1092 3296 obtestare,

149 3307 303 3364 venationi
322 3307 499 3377 indulgere,
514 3307 548 3363 in
563 3304 681 3362 deliciis
698 3303 809 3361 rivere.

185 3380 304 3436 loono.
318 3381 362 3435 lie
372 3379 469 3449 patria
479 3393 534 3435 sua
547 3376 696 3433 ieremias
706 3376 762 3432 liei
771 3372 915 3431 nomine:
929 3373 1092 3427 Potuerunt

149 3462 213 3504 eum
225 3451 255 3505 iu
268 3451 498 3520 dissertationem,
516 3449 647 3520 irruitque
655 3463 739 3518 super
751 3461 804 3502 rue.
818 3448 880 3502 der.
895 3453 943 3500 ιιιι
959 3460 1000 3498 ιι.
1013 3443 1092 3499 Cum

149 3519 309 3593 diripietur
328 3521 459 3592 populus
482 3535 596 3586 meus,
628 3518 743 3590 lugebit
759 3523 884 3589 propter
906 3529 980 3581 me,
1004 3521 1093 3573 autea

149 3590 320 3658 violatum,
341 3601 414 3649 tune
431 3591 571 3649 ultorem.
876 3652 879 3656 ,
1047 3648 1049 3652 ,
1066 3647 1069 3651 ,

113 3670 124 3695 *
185 3665 304 3721 luunt.
317 3667 460 3721 Exortum
469 3672 511 3720 est
520 3664 549 3717 iu
560 3663 681 3719 terroris
692 3667 786 3718 tttuseu
795 3665 883 3717 rectis
890 3659 1075 3728 ,misericors
1080 3696 1090 3727 ,

901 3749 949 3786 ll.
