2475 4034
358 102 585 168 Hismamtx.
633 97 769 171 unsis
959 118 1028 200 rqr

81 210 298 293 proprietatem
311 216 503 285 intelligunt,
518 215 623 274 sciunt
634 258 643 284 ,
654 225 770 275 terram
782 210 949 278 vivendum
962 235 1029 279 nou

82 289 228 362 appellari
240 290 396 345 coelestem
409 289 559 358 patriam,
573 288 627 344 sed
640 287 723 346 huno
735 289 842 346 orbem
854 297 1003 348 terrarum
1013 328 1029 361 ,¹

79 364 114 420 iu
132 375 193 431 quo
213 359 354 416 vivimus.
385 361 453 415 lluo
473 359 579 415 ultima
598 357 690 428 hujus
714 360 774 418 loci
794 360 942 418 voeabula
963 378 1030 420 nou

78 441 200 489 tantum
222 429 394 498 significant
411 428 613 487 habitatorem
633 432 764 500 quietis,
786 446 841 489 seu
866 432 1002 501 quietum
1015 452 1030 501 ;-

80 515 189 562 rerum
209 502 300 557 etiam
324 501 524 557 habitatorem
544 500 636 571 hujus
654 502 823 574 temporis,
843 502 1024 573 haimari,

79 574 167 632 nihil.
192 574 240 628 Ait
255 586 329 640 erqo
344 587 351 628 :
365 574 430 628 Nou
443 571 506 642 jam
520 572 654 629 adorabo
666 577 766 630 Deum
777 575 809 629 in
821 574 935 646 templo
947 575 1030 631 inter

79 644 216 703 viventes
236 642 311 699 alios
330 659 338 698 τ
360 657 460 716 neque
480 643 622 700 homiues
648 644 711 714 jam
729 645 894 712 intuebor,
918 646 970 717 qui
992 646 1025 701 in

79 717 139 778 hac
154 714 235 782 vita,
256 729 431 785 quanquam
443 714 627 772 brevissima
640 723 671 773 et
687 716 784 773 instar
795 716 904 784 nihili,
923 717 1025 788 quiete

79 796 187 845 tamen
201 791 237 843 ac
248 785 411 855 tranquille
422 783 546 856 degunt.
1024 819 1029 829 ·

11 902 14 906 ,
114 856 1030 928 ΠΑΒΙΤΜΜΧ.δονοεοίγωεωαρρθΠεῑΒοιηὶηιιεΙιαῠίεατνὶε

80 928 230 986 convallis
241 929 338 984 solido
349 936 437 1000 atque
448 929 626 997 campestris.
645 929 707 985 Jer.
723 940 778 985 xxi
795 930 834 985 ιδ.
854 932 928 986 Pars
941 930 1029 987 enim

79 999 164 1057 urbis
175 999 322 1067 inferior,
336 1001 392 1070 per
404 1010 508 1058 arcem
521 1006 551 1062 et
563 1007 702 1058 montem
716 1002 787 1057 Sion
797 1000 1003 1058 munitissima
1013 1019 1028 1068 ,¹

79 1078 225 1127 caeterum
241 1083 367 1140 campos
384 1068 592 1140 amplissimos
605 1071 822 1142 prospiciebat.
1023 1087 1027 1111 2

113 1143 284 1197 Hanunea.
307 1140 399 1197 zach.
419 1151 454 1197 tx
474 1158 497 1196 1.
517 1143 647 1198 Tractus
666 1142 762 1214 Syriae
782 1156 878 1213 prope
897 1144 1026 1218 Damas

78 1225 159 1269 cum.
188 1214 265 1267 Onus
284 1212 343 1269 hoc
362 1213 431 1269 loco
450 1219 562 1283 praeter
578 1225 700 1270 morem
719 1221 886 1284 usurpatur
900 1214 931 1269 in
950 1214 1024 1271 vatia

79 1284 161 1347 tinio
173 1282 264 1340 laeto:
284 1283 459 1353 praedicitur
475 1283 558 1339 enim
576 1283 695 1340 vocatio
711 1286 870 1353 gentium,
892 1299 1026 1356 quarum

78 1354 187 1424 aliquae
202 1354 271 1411 loeo
292 1354 430 1410 omnium
449 1354 715 1414 neminemnam
731 1354 779 1412 his
798 1355 941 1425 populis,
967 1356 1027 1427 nbi*

77 1424 232 1493 Evangelii
244 1424 344 1480 lucem
358 1426 566 1494 respexerint,
586 1424 735 1484 Dominus
749 1428 925 1498 acquiescet
939 1442 946 1483 a
960 1432 1027 1484 Da-

81 1497 171 1551 orosct'
182 1497 290 1566 requiei
307 1497 377 1566 ejus.
393 1497 464 1552 ibid.

112 1568 322 1622 neaemias.
354 1570 388 1621 ln
410 1569 498 1623 tituto
516 1566 631 1634 Psalmi
648 1580 669 1623 u
691 1583 726 1623 eo
743 1582 806 1641 quta
822 1570 1018 1625 terebrarent

77 1639 261 1708 consequitur
285 1637 446 1706 allegorice
464 1646 513 1694 est
531 1638 684 1706 ecclesia,
707 1641 905 1709 tropologice
916 1641 1019 1696 anima

76 1708 155 1779 justa
169 1715 199 1764 et
209 1707 289 1766 eoelo
298 1709 456 1765 destinata.
479 1708 612 1768 Litterali
633 1723 726 1765 sensu
737 1709 915 1767 hebraicum
928 1712 1020 1766 aecli-

77 1779 136 1834 toto
157 1779 394 1835 instrumentum
410 1782 567 1836 musicum
585 1781 709 1836 denotat
729 1781 1018 1851 :quemadmodum

77 1850 187 1920 sapius
205 1851 237 1906 iu
251 1850 442 1908 psalmorum
460 1850 557 1908 titadis
574 1850 777 1906 iustrumenta
795 1853 913 1906 musica
932 1850 1018 1906 varia

76 1921 281 1977 nominantur.
297 1925 329 1976 la
343 1923 448 1991 mem,
468 1930 502 1977 ut
513 1933 570 1975 suo
583 1921 651 1976 loco
664 1920 791 1987 monui,
812 1920 958 1977 hebraice
969 1929 1025 1977 est·

77 1992 213 2060 victori,
233 1994 377 2063 praefecto
389 2033 398 2059 ,
412 1989 640 2062 principiillius
652 1989 847 2047 instrumenti
861 2006 869 2047 :
882 1993 910 2048 ei
924 1992 1020 2048 David

75 2063 232 2119 Psalmum
249 2064 333 2121 hunc
353 2064 432 2123 tradi
449 2061 536 2129 vult,
560 2060 663 2118 addito
683 2060 743 2117 hoe
761 2063 888 2120 musicae
906 2076 1019 2131 genere

73 2129 312 2191 decantandum.
475 2145 481 2158 ⁴
1021 2147 1026 2170 ³

110 2207 147 2270 2)
168 2206 333 2262 llaereditas
351 2205 416 2261 liei.
438 2208 482 2261 lta
501 2202 619 2275 passim
642 2201 813 2272 appellatur
830 2204 944 2261 electus
962 2218 1019 2275 po·

74 2275 186 2346 palus,
205 2290 241 2333 ac
257 2284 338 2333 terra
351 2283 465 2334 sancta.
495 2277 591 2340 Deus,
614 2283 757 2330 uenerant
771 2284 872 2344 gentes
888 2276 917 2329 ia
929 2277 1020 2329 aare·

73 2348 194 2402 ditatura
218 2356 321 2414 tuom,
347 2347 513 2419 polluerunt
534 2346 669 2414 templum
692 2356 827 2402 sanctam
850 2355 941 2402 tuam.
967 2349 1016 2402 Ps.

74 2428 199 2474 hxxvtlt
213 2428 235 2472 i.
247 2422 335 2474 Facto
346 2428 388 2474 est
400 2418 470 2477 mila
479 2417 631 2472 doreadas
640 2431 708 2471 uteo
716 2419 800 2488 quasi
812 2419 855 2472 leo
866 2418 897 2472 iu
913 2418 993 2490 syloa
1006 2434 1017 2471 ,·

75 2490 153 2544 dedit
174 2498 277 2545 contra
296 2506 341 2545 me
359 2505 465 2548 uocem,
491 2492 616 2544 dersxn
631 2489 656 2543 8.
681 2489 750 2558 lpse
773 2502 863 2564 meus
887 2489 1017 2560 populus

74 2566 181 2617 contra
199 2575 250 2616 nte
262 2561 448 2627 insurrexit,
466 2568 500 2615 et
512 2559 683 2617 clamorem
699 2558 831 2616 sustulit.

108 2633 302 2688 llffiuuuruo.
332 2633 413 2690 Deus
435 2632 526 2702 legem
542 2632 612 2686 aitoe
628 2631 807 2687 hereditavit
825 2632 896 2687 illos.
921 2630 1024 2691 hecilo

66 2712 142 2768 ,xvir
156 2721 181 2770 9·
197 2702 284 2758 Dedit
302 2699 477 2759 hominibus
494 2700 704 2772 leaenarum,
723 2702 820 2760 instar
832 2703 1017 2760 haereditatis

72 2772 340 2830 transmittendam
353 2774 494 2842 posteris,
1007 2832 1012 2843 ,

109 2844 147 2909 2)
164 2844 223 2899 Pro
235 2843 400 2913 possidere.
421 2848 470 2902 iro
482 2844 569 2915 ipsios
588 2851 688 2911 gentes
704 2883 712 2908 ,
734 2856 798 2916 qaae
808 2858 866 2898 aea
879 2843 1023 2913 eaquae:

71 2922 144 2968 rant
162 2929 248 2981 erant,
266 2915 463 2984 lraereditobt't5
483 2915 504 2972 i.
527 2930 553 2970 e.
575 2912 760 2981 occupabit,
783 2912 948 2978 obtinebit,
970 2921 1017 2968 te-

71 2984 165 3040 nebit.
188 2986 278 3041 Eccli.
302 2997 402 3042 xxxix
414 2988 457 3042 rs.
475 2982 657 3041 Hereditatis
671 2983 700 3036 ia
715 2984 847 3053 omnibus
865 2985 1017 3052 gentilium

70 3069 152 3125 pro,
172 3069 280 3112 omnes
300 3066 413 3126 gentes.
439 3061 488 3113 Ps.
509 3064 611 3112 lxxxi
631 3051 685 3107 ult
712 3052 886 3109 Possidehis
909 3066 1016 3109 omnes

70 3124 223 3196 populos,
243 3135 305 3184 tam
321 3136 406 3185 certo
423 3127 512 3201 jure,
532 3136 625 3201 quam
640 3122 695 3194 qui
707 3123 915 3180 haeredilatem
929 3138 1016 3179 suam

70 3197 278 3254 certissimam
294 3199 365 3255 adit.
635 3250 637 3254 .

105 3269 235 3324 nunes.
268 3271 303 3324 Ut
320 3268 481 3338 ostendat,
505 3279 614 3326 omues
635 3264 760 3323 israelis
785 3263 958 3336 provincias
979 3262 1016 3320 ab

68 3336 159 3394 hoste
171 3347 294 3408 captum
313 3340 352 3394 iri
363 3354 463 3409 usque
476 3339 514 3395 ad
525 3341 613 3397 tudae
629 3349 782 3408 reguum,
804 3335 837 3390 in
848 3335 936 3419 cujus
949 3334 1017 3390 dni-

68 3407 129 3468 bus
147 3407 238 3465 urbes
251 3412 370 3466 Maresa
386 3419 417 3466 et
433 3409 538 3467 Odolla
553 3412 620 3467 sitae
636 3415 749 3474 erant,
774 3407 875 3477 luqmt
891 3422 901 3462 z
921 3410 1021 3461 liore-

68 3480 135 3534 dem
146 3480 287 3535 oddaram
301 3482 351 3537 tibi
359 3520 369 3548 ‚
388 3493 452 3552 quo
462 3481 573 3539 liabitas
587 3481 617 3536 ia
630 3483 764 3538 Marisa:
779 3478 917 3550 usquead
930 3476 1015 3534 Odoi-

68 3550 131 3604 Iam
139 3551 234 3606 ueniet
244 3553 341 3622 gloria
354 3554 452 3607 israel.
465 3552 557 3608 illicit.
574 3563 586 3607 t
601 3554 643 3607 15.
665 3555 724 3606 Per
736 3561 872 3608 amaram
884 3549 1015 3605 ironiam

70 3620 148 3678 eicit
174 3621 329 3679 haeredem
355 3631 386 3678 et
413 3623 542 3691 gloriam
569 3636 627 3693 pro
656 3622 788 3679 violento
808 3620 950 3692 praedone
978 3631 1015 3675 ac
