2475 4034
314 99 584 199 Saburram.
634 102 780 195 Sauram
929 95 1018 191 ’353

65 215 129 293 ejas
147 229 206 271 non
225 217 382 287 apparebit.
409 219 448 274 is.
472 227 526 274 xm
542 218 567 274 5.
584 219 663 274 'iam
682 218 823 285 celeriter
840 221 992 284 batham
1003 268 1017 295 ,
1069 234 1072 237 ·

63 292 97 344 et
109 283 173 357 eius
185 288 336 358 antitypus
350 288 508 355 Christus,
524 303 618 357 regna
633 292 815 359 peruadeut,
829 308 864 350 ea
880 294 1021 353 sibisnb-

61 357 203 430 jicientes
214 372 269 428 per
281 373 313 413 se
325 373 360 414 ac
372 374 443 415 suos
455 374 674 427 successores,
692 369 724 416 ut
734 365 875 420 semitam
887 373 940 420 aut
949 381 1016 427 res·

62 430 174 503 agiam
182 429 433 501 nonrelinquant
447 431 505 486 Alii
516 431 554 488 de
563 429 700 488 neuraeis
707 444 877 504 exponunt,
889 436 1016 494 Abrabae

61 501 249 572 nepotibus,
267 500 319 571 qui
338 515 392 570 per
408 501 529 558 deserta
550 503 640 558 annis
655 504 689 566 tro
704 511 768 560 tam
784 506 894 579 integri
907 508 1017 564 ambu-

60 573 188 640 larunt,
208 580 242 638 ut
256 571 375 628 nullum
394 571 513 629 itineris
526 581 591 629 tam
603 573 688 644 longi
700 574 846 645 indicium
861 619 871 647 ,
894 578 1016 637 nullum

63 643 183 702 doloris
194 641 345 700 laborisve
362 643 485 713 signum
501 643 534 700 in
552 645 683 714 pedibus
699 658 868 717 appareret.
889 710 891 714 Α
1018 651 1022 656 ’

79 719 142 781 ”·2)
157 715 277 771 Semina
292 714 396 771 seculi.
419 716 561 783 Hebraei,
585 716 647 785 iarn
661 718 719 775 diis
734 719 923 787 servientes,
949 723 1015 791 sru-

62 795 130 843 rtro
143 787 281 855 libenter,
297 796 325 842 et
338 787 527 859 impingentes
540 787 571 842 in
584 789 635 843 uiis
648 790 726 856 suis,
745 790 1022 860 inremunerati,

66 858 100 915 ut
114 855 294 913 enrbuierent
312 874 364 928 per
382 875 429 914 ees
449 859 479 914 in
495 858 599 914 itinere
609 874 672 915 >non
689 859 768 918 trite.
789 863 849 918 ier.
867 874 949 920 xvut
968 866 1021 920 15..

61 931 153 999 begis
166 930 283 985 Divinae
297 927 421 987 semitas
435 966 443 992 ‚
465 943 521 1000 per
535 938 580 987 tot
598 931 701 989 secula
715 948 806 999 suas,
826 949 908 991 nuno
921 934 1021 993 dese·'

19 1006 20 1017 ¹
61 1001 158 1067 r‘unt,
179 1010 209 1057 ct
227 1002 291 1057 vias
309 1015 404 1058 novas
417 999 601 1069 religionum
613 1018 764 1062 novarum
782 1005 840 1061 sibi
855 1006 1011 1077 aperiunt,
1033 1003 1036 1009 '

98 1076 345 1131 Sattrtraauun.
367 1073 441 1129 Vide
456 1079 615 1130 AEternem.
637 1122 639 1127 .
1017 1088 1023 1096 “

19 1146 20 1149 ’
58 1154 61 1161 ’
79 1134 258 1201 “Sabacen
286 1146 374 1215 Usque
389 1143 418 1199 in
431 1156 575 1201 senectam
587 1145 736 1203 erratum
749 1150 822 1203 Deus
836 1165 871 1203 ne
887 1148 1014 1206 derelin-

61 1231 136 1291 ques
150 1233 203 1271 me.
220 1220 268 1272 Ps.
283 1226 345 1272 Lxx
368 1218 408 1269 18.
423 1215 566 1274 hebraice
581 1232 589 1274 :
609 1220 757 1290 usquead
775 1228 969 1277 senectutem
982 1230 1013 1278 et

60 1292 159 1346 canos
173 1287 307 1344 ultimos.
325 1287 416 1344 Vides
430 1289 641 1357 gradationem
656 1330 665 1357 ,
685 1299 718 1346 et
729 1290 877 1361 maiorem
891 1292 1009 1350 sensim

60 1360 176 1417 virium
189 1360 438 1416 imminutionem
456 1375 463 1417 :
486 1376 525 1417 ne
534 1361 659 1418 inanem
671 1364 882 1434 synonymiam
895 1371 983 1433 putes
997 1406 1006 1433 ,

61 1446 132 1502 qnae
146 1430 183 1487 ab
196 1432 279 1488 omni
293 1433 441 1502 scriptore
455 1447 530 1489 sano
542 1441 572 1489 et
585 1432 689 1503 grati,
709 1434 764 1490 sed
775 1435 910 1492 maxime
923 1450 940 1492 a
952 1435 1007 1492 Di·

59 1502 143 1561 riuis
158 1504 276 1570 Libris,
299 1503 477 1573 longissime
490 1505 583 1561 abest.
941 1515 944 1518 ’
1022 1575 1025 1579 ἢ

82 1577 256 1631 senuaar.
272 1576 361 1632 zach.
377 1575 463 1634 vult.
479 1578 537 1634 Pro
549 1575 724 1649 Babylone:
741 1585 776 1633 ut
789 1586 891 1647 aperte
903 1586 1007 1637 trans·
1022 1620 1027 1648 ι,

59 1644 201 1723 tulerunt
213 1659 283 1703 Lxx.
299 1650 477 1704 contextum
492 1647 655 1706 dilucidavi
668 1651 700 1704 in
714 1649 785 1706 Voo.
799 1651 952 1721 Amphora.
1023 1714 1027 1720 ¹

84 1720 232 1776 '‘Subrto.
253 1720 360 1775 Sancta
373 1721 407 1774 de
419 1721 538 1775 Domino
550 1721 579 1775 in
592 1722 728 1776 bonitate.
741 1722 813 1791 Sap.
833 1730 845 1774 1
862 1739 884 1774 ι.
899 1720 931 1775 itl
944 1729 1010 1787 est,
1026 1770 1029 1776 .

59 1789 160 1859 liene,
175 1807 211 1849 ac
223 1799 256 1846 ut
266 1795 330 1847 Deo
343 1791 470 1858 dignum
483 1799 549 1854 est;
571 1792 740 1855 nimirum,
755 1806 823 1845 esse
836 1789 925 1846 iilum
938 1790 1012 1847 intr-
1026 1840 1029 1849 ,

43 1863 126 1925 ‘nite
140 1871 302 1929 sanctum,
323 1862 502 1930 prorutum,
519 1862 656 1928 bonum,
676 1867 833 1931 potentem
849 1902 858 1928 ,
876 1860 1030 1931 iustum,

58 1933 157 1990 verbo
167 1975 179 2000 „
198 1932 316 1990 infinite
329 1933 511 2001 perfectum.
1026 1966 1030 2005 3

84 2008 308 2061 'Sarranum
329 2003 439 2057 Sedebit
459 2006 617 2071 Separatur
637 2003 666 2055 in
685 2004 786 2057 Azoto.
811 2002 902 2059 zach.
922 2013 958 2060 lx
977 2006 1005 2060 6.
1023 2037 1030 2069 ,

59 2075 201 2141 Christus
214 2071 343 2143 est,qni
361 2086 433 2128 oves
451 2080 482 2127 et
493 2074 596 2129 haedos
610 2079 740 2142 separat.
760 2074 940 2147 Praerlicitur
951 2088 1010 2132 vo·
1027 2112 1031 2146 3

58 2143 143 2206 catio
155 2145 317 2214 gentium,
336 2157 466 2214 quarum
485 2144 592 2214 aliquae
616 2157 673 2214 pro
694 2144 837 2203 omnibus
856 2144 1010 2205 hocloco
1028 2183 1031 2189 -

58 2218 294 2276 enumerantur.
708 2280 713 2293 ‚
969 2248 973 2275 ;
1013 2234 1033 2285 ³,

76 2292 240 2357 ‘'surano.
253 2291 398 2363 Hortatur
408 2288 536 2353 aunan,
547 2302 586 2344 ne
599 2285 793 2345 camier-aete
801 2301 855 2343 seu
862 2286 1010 2356 Ephraim
1027 2330 1030 2340 .

52 2361 268 2418 ⁴familiaritate
292 2376 324 2416 se
349 2359 494 2428 implicet.
518 2361 673 2429 Per-ticeps
687 2359 830 2414 idolorum
848 2359 1032 2430 Ephraim?

59 2434 172 2489 dimitte
183 2449 256 2488 eunt.
276 2435 449 2502 Separatum
460 2439 503 2486 est
518 2432 678 2503 conuiuium
690 2445 798 2487 eorum.
813 2431 863 2487 Os.
874 2441 907 2487 lv
917 2448 948 2499 ¹7
959 2442 1004 2501 sq.
1025 2430 1033 2502 ἦ

59 2506 223 2572 Israelitis,
238 2512 273 2560 ut
284 2504 391 2574 religio
401 2518 418 2560 a
428 2503 513 2561 vobis
526 2504 717 2571 diversaest,
731 2501 772 2560 ita
780 2502 916 2575 dispares
926 2502 1008 2576 ritus
1029 2570 1032 2573 ¹

60 2584 94 2633 et
109 2577 170 2634 cibi
184 2585 263 2633 sunt
1029 2612 1033 2617 -

87 2650 240 2704 ‘serrare
265 2650 415 2705 Numerus
428 2656 530 2704 certus
543 2660 600 2721 pro
613 2647 731 2705 incerto
745 2660 753 2703 r
766 2643 889 2717 plures,
904 2645 1003 2702 multi.

61 2720 107 2772 De
118 2725 432 2791 partanseptem,'nec
441 2736 499 2775 nen
514 2728 541 2774 et
553 2729 629 2779 octo,
640 2718 739 2776 Eccie.
753 2729 786 2791 at
796 2735 822 2774 a.
837 2720 882 2774 Da
894 2717 1012 2791 stipem

64 2790 199 2861 septenis
212 2789 295 2857 ,imo
306 2793 426 2853 octonis
437 2833 446 2859 ,
457 2791 478 2849 i.
493 2806 520 2848 e.
534 2790 658 2858 multis,
672 2791 737 2847 imo
749 2788 891 2845 omnibus
903 2794 1010 2859 peten-

62 2861 145 2918 tibus
159 2860 415 2933 ,quibuscunque
429 2871 523 2931 potes.
544 2865 580 2918 Et
592 2863 647 2917 erit
661 2864 714 2918 iste
725 2877 785 2934 pua
797 2877 808 2914 .·
822 2858 1006 2917 cumvenerit

63 2934 198 3007 Assyrius
218 2933 248 2989 in
265 2940 375 2989 terrent
389 2943 539 3001 nostram,
560 2941 587 2988 et
603 2935 718 3005 quando
745 2931 899 2989 calcaverit
916 2930 947 2987 t'n
960 2930 1011 2986 de-

63 3005 157 3065 aeteus
172 3005 279 3061 nestris
292 3020 302 3061 .·
315 3013 343 3058 et
356 3002 555 3064 sciscitabirnus
568 3021 653 3076 super
664 3021 729 3065 eum
739 3013 846 3075 reptem
856 3010 1007 3077 pastores,
1021 3037 1022 3041 =

63 3086 95 3134 et
107 3086 172 3134 octo
186 3077 325 3151 primates
334 3077 468 3135 tiernium.
483 3075 572 3132 Mirb.
588 3089 608 3134 v
622 3078 648 3132 5.
663 3074 844 3135 Gomaderit
855 3074 1008 3147 Christus,

62 3163 125 3221 pax
134 3158 257 3216 nostra,
283 3149 405 3205 etiamsi
417 3149 554 3216 insurgat
564 3148 596 3209 iu
610 3162 666 3207 nos
679 3148 825 3220 mysticus
845 3145 895 3203 iiie
909 3149 1006 3217 Assy-

63 3221 128 3281 rins
140 3263 149 3289 ,
163 3223 272 3288 Satan,
294 3229 326 3278 et
337 3219 422 3283 omrai
440 3221 544 3282 ri‘uos
563 3228 693 3277 conetur
705 3219 895 3290 opprimere,
915 3224 1008 3285 eruut

33 3290 35 3292 ’
63 3294 153 3357 multi
169 3302 308 3364 pastores
323 3300 518 3364 rectoresque
531 3293 631 3361 gregis
641 3290 825 3355 christiani,
839 3298 869 3346 et
882 3285 1010 3361 plurimi
1031 3328 1035 3350 ,

63 3365 122 3437 viri
137 3367 301 3437 prudentes
312 3373 342 3427 et
354 3365 468 3431 sancti,
482 3364 534 3435 qui
547 3364 576 3420 ei
588 3371 768 3433 repugnent.
786 3361 950 3432 Corripiam
960 3371 1009 3413 uos

63 3437 170 3509 septem
181 3437 351 3507 (pluribus)
365 3438 459 3509 pingis
470 3444 588 3508 prepter
598 3445 719 3508 peecata
731 3442 837 3490 aestro.
856 3433 1011 3487 Leuxxvl

64 3511 109 3574 28,
122 3510 272 3579 infirmate
290 3519 331 3564 est
338 3514 349 3576 ,'
368 3522 431 3581 quea
444 3507 551 3585 peperit
564 3515 671 3637 syrten
683 3522 692 3558 .·
706 3505 809 3575 defecit
822 3503 921 3558 enimn
930 3499 1012 3570 ejus:

65 3582 168 3647 eccidit
181 3580 207 3635 ei
228 3580 291 3646 soi,
314 3595 380 3636 crint
392 3581 565 3635 obturasset
599 3579 648 3632 ier.
663 3578 724 3632 Jer.
740 3587 783 3636 xv
798 3593 824 3642 9.
843 3570 1012 3652 Multorum

64 3650 232 3741 liberorum
245 3658 358 3747 mater,
372 3658 476 3733 tamen
487 3650 592 3735 orbata
604 3654 674 3724 est:
688 3658 812 3712 summu
827 3656 900 3721 cum
913 3639 1011 3741 autari
