2475 4034
163 182 231 234 tm
352 147 357 161 ⁵
421 158 653 230 Comaumu.
702 157 861 229 Conrnt.
955 148 958 153 ’

159 266 346 407 tempestive
360 272 544 352 modum,
563 273 663 334 instar
679 271 922 348 patrisfamilias
942 270 1118 337 sollicitius

156 352 189 410 vi
212 351 324 409 iantis.
380 388 383 395 -
612 369 617 375 ·
787 368 790 373 ¹
1093 354 1113 365 ”

191 366 404 481 {amantum
428 422 516 475 Pater
536 425 607 479 tuus
626 417 767 488 (Adam)
788 418 902 492 primus
918 418 1063 490 peccauit,
1079 427 1118 481 :et

157 493 327 568 interpretes
346 493 390 549 tui
412 494 554 562 (Moyses
567 499 599 548 et
611 493 715 557 Aaron
730 531 740 559 ,
759 489 841 562 apud
858 493 962 562 Aquas
985 492 1119 550 conui-

158 567 323 634 tlietionis)
335 563 521 635 praevaricati
532 571 601 620 sunt
614 563 646 618 in
661 577 715 618 me.
733 566 769 618 iit
782 562 982 621 contaminavi
987 605 996 631 ,
1009 570 1119 623 couta-

159 638 294 697 minatos
316 634 495 703 declaravi,
519 634 582 692 latu
603 634 635 690 in
661 648 715 691 eus
736 635 846 692 mortis
866 635 1036 703 sententia,
1058 630 1119 694 hus

157 710 236 767 duos
253 709 393 781 principes
403 717 520 764 sanctas
534 723 545 760 .·
557 707 622 763 aeti
633 707 673 761 nd
682 708 907 763 internecionem
921 706 1028 774 Jacob,
1042 705 1118 782 solis

157 782 253 839 tasin
262 789 295 839 et
306 779 399 839 caleb
412 778 570 850 exceptis,
589 788 618 834 et
631 781 722 834 Israel
734 778 765 834 ia
777 779 1000 851 blasphemum,
1016 781 1049 835 iu
1061 781 1118 851 op·

156 852 337 925 premium,
359 858 471 921 negato
483 858 611 922 propter
624 849 831 923 pervicaciam
847 852 989 922 ingressu
1008 850 1041 907 iu
1052 856 1118 908 ter·

130 926 135 933 ‘
160 938 229 983 ram
242 934 393 983 sanctam.
410 924 449 981 lu.
465 933 547 980 xttu
561 940 597 993 ²⁷
608 939 654 996 sq.
923 956 925 959 -
1101 942 1104 945 ‘

152 1042 157 1053 .
193 999 425 1056 ceurennum.
442 997 539 1067 segor
551 996 664 1053 urbem
677 992 806 1055 vitulam
819 1000 1118 1067 conternantemap·

157 1067 434 1142 putentissimis
447 1069 463 1121 5
475 1109 484 1135 ‚
496 1075 528 1124 et
537 1069 690 1126 ieremias
700 1069 862 1135 inituim
872 1067 976 1135 idest,
989 1066 1118 1124 vitulum

157 1143 436 1268 tumultuosum,
449 1147 609 1212 quaaetate
622 1140 753 1199 memmi
766 1139 925 1203 rouuriset
936 1138 1118 1212 petutautire

158 1224 229 1272 essu
242 1227 277 1270 sa
290 1221 329 1270 et.
353 1228 356 1234 ¹
447 1230 451 1239 ’
800 1222 803 1227 ·

193 1286 364 1342 conuenit.
381 1286 608 1341 coatereusuau
620 1290 772 1343 conterant
780 1284 1004 1353 damumtacoi.
1023 1285 1118 1343 Amos

159 1365 195 1413 tx
207 1355 233 1412 8.
254 1355 406 1412 Hebraico
417 1395 426 1422 ,
439 1367 502 1412 non
515 1363 680 1412 conterens
694 1363 877 1423 conteram
893 1356 914 1412 i.
928 1372 956 1412 e.
972 1368 1037 1413 non
1050 1368 1121 1415 om-

158 1426 235 1489 uino
245 1434 425 1495 canteram,
440 1439 503 1483 uon
516 1425 640 1483 diruam
652 1422 801 1483 funditus.
813 1427 880 1484 vid.
889 1427 1002 1485 invoa
1015 1432 1120 1500 typus.

161 1528 165 1537 ι
194 1499 392 1555 conueniens.
417 1498 475 1566 Qui
494 1497 646 1552 continens
674 1501 841 1567 (compos,
862 1502 1047 1569 possessor)
1078 1509 1122 1557 est

158 1569 300 1642 iustitie,
321 1570 515 1639 apprehendet
530 1569 633 1636 iiiam,
654 1569 857 1638 sapientiam,
879 1569 919 1625 tie
939 1584 1001 1640 qua
1019 1569 1121 1640 capite

160 1642 330 1715 superiore.
352 1639 446 1699 liccli.
462 1652 506 1698 xv
522 1658 544 1698 ι.
568 1644 620 1699 iru
631 1649 661 1696 et
671 1641 778 1711 furor,
791 1649 917 1713 utraque
928 1641 1120 1701 exsecrabilia

160 1722 249 1780 tunt,
271 1724 299 1770 et
317 1712 517 1784 uirpaccator
528 1713 677 1769 contiueat
690 1712 746 1769 erit
763 1713 890 1769 itteram.
914 1712 1008 1770 Eccli.
1027 1720 1121 1769 xxvss
1224 1726 1235 1747 ²

162 1786 206 1843 33.
227 1786 293 1844 Erit
305 1784 431 1843 iliarum
445 1785 599 1852 retinens,
620 1784 865 1851 iiiisabuoxiuse
883 1783 1013 1855 pruinae
1025 1782 1122 1841 etiam

161 1872 272 1918 eurum
285 1857 385 1936 punis
397 1899 406 1924 ‚
419 1858 474 1914 irre
487 1872 523 1915 ac
536 1857 634 1914 iurari
646 1856 777 1923 Divino,
791 1864 826 1914 ut
837 1856 951 1914 hubent
965 1854 1100 1927 Syriaca.

161 1952 173 1981 2
197 1930 382 1991 Continuo,
399 1930 522 2000 Spiritus
536 1930 652 1986 Domini
664 1931 781 2001 repleuit
794 1930 893 1986 arbem
907 1938 1057 1985 tetrarum
1068 1943 1080 1982 .·
1091 1936 1122 1985 et

160 2004 230 2069 hoc,
252 2002 467 2075 quocicautiuet
479 2003 596 2064 amaia,
618 2002 771 2058 scientiam
785 2003 871 2059 tutet
882 2003 967 2057 vacis.
984 2003 1054 2073 Sap.
1069 2007 1119 2070 172

161 2072 321 2132 Obscurus
334 2073 385 2133 hic
403 2076 491 2132 locus
515 2075 549 2131 iit
567 2089 606 2131 ex
628 2088 685 2142 eo,
706 2075 790 2146 quod
809 2074 923 2132 latinus
944 2073 1121 2144 interpres,

161 2146 257 2205 rerba
277 2160 377 2216 graeca
398 2146 596 2218 pressissime
616 2154 764 2215 secutus,
786 2146 953 2205 articulum
973 2153 1006 2202 et
1023 2158 1123 2215 genus

70 2270 77 2281 .
162 2225 311 2277 neutrum
325 2219 467 2287 retinuit,
487 2219 541 2276 ubi
562 2218 698 2277 latinitas
716 2218 928 2277 masculinum
950 2218 1122 2290 poscebant

162 2289 278 2348 (iraecis
300 2292 385 2349 enim
402 2304 529 2363 pneuma
550 2291 691 2348 neutrius
711 2299 759 2349 est
779 2292 927 2360 generis,
952 2298 986 2345 ut
1007 2288 1123 2346 Latinis

163 2363 287 2434 Spiritus
301 2363 475 2421 masculini.
494 2363 632 2433 sicergo
644 2369 864 2421 construamus
883 2378 891 2419 :
911 2360 1124 2431 spiritantia-

162 2433 241 2491 mini
262 2441 362 2495 tatum
382 2435 490 2494 orbem
510 2442 666 2510 terrarum
688 2432 805 2505 replet,
826 2441 858 2491 et
879 2432 1044 2490 continens
1063 2444 1122 2488 seu

164 2502 345 2574 complexus
367 2505 492 2574 omniu,
517 2507 678 2564 scientium
700 2505 794 2561 habet
816 2503 1123 2574 singulorumque

163 2576 215 2634 nel
227 2576 308 2647 apud
321 2590 377 2633 nos
390 2577 475 2649 ipsos
489 2578 641 2645 dicimus,
661 2576 711 2634 vel
729 2577 769 2633 ad
784 2575 861 2635 alios
874 2575 1041 2646 laqttimur.
1062 2573 1121 2632 iiic

166 2647 316 2777 tsgiritus
329 2649 402 2718 Dei)
425 2651 477 2721 qui
491 2651 620 2708 interest
632 2646 795 2715 omnibus,
809 2647 914 2706 omnia
928 2661 1008 2702 unus
1022 2645 1118 2702 novit.

164 2748 170 2757 ·
228 2730 350 2778 onrnn.
371 2724 598 2794 Nonnunquam
613 2734 672 2792 pru
687 2733 803 2777 coram.
829 2719 1119 2785 converteremus,

164 2801 195 2850 et
205 2793 384 2866 apprehende
396 2809 461 2850 eam
483 2793 641 2865 (legem)
661 2793 779 2847 amiuia
798 2805 850 2864 per
870 2792 949 2849 uiam
970 2791 1009 2845 att
1026 2791 1122 2861 spieu-

136 2876 139 2883 ‘
165 2865 266 2922 mrem
287 2866 349 2936 ejus
369 2874 474 2922 cantra
493 2865 678 2936 ticinen-ejus.
699 2867 769 2921 Bar.
784 2875 819 2921 tv
832 2880 857 2920 a.
882 2863 969 2920 Absit
987 2867 1022 2918 ut
1039 2863 1124 2920 veri·

103 2984 108 2993 .
164 2937 237 2997 tatis
249 2935 360 2995 lumini
373 2951 547 3010 repugnare
559 2950 616 2993 nos
631 2936 735 3006 iubeat
752 2951 760 2992 t
774 2942 884 2995 contra
897 2944 945 2992 est
958 2949 966 2991 t
981 2933 1122 3001 ambulen

165 3007 286 3083 inquit,
312 3023 418 3067 caram
443 3008 531 3078 lege,
558 3008 592 3064 in
613 3009 682 3079 ejus
702 3007 783 3081 luce.
809 3011 842 3065 iu
863 3006 1124 3075 dietributatiouis

164 3094 236 3137 meu
264 3085 356 3138 want
380 3081 548 3155 exquisivi,
572 3081 708 3149 manibus
731 3081 802 3137 meis
826 3088 909 3138 nacte
935 3088 1127 3137 contraeunt

167 3155 298 3223 (carum
310 3167 348 3211 ea
360 3153 526 3225 expansist
547 3162 576 3208 et
592 3168 652 3208 uon
669 3166 735 3211 sum
744 3153 887 3225 acceptus.
909 3154 959 3209 Ps.
980 3162 1079 3209 univi
1098 3150 1124 3210 5.

166 3226 491 3296 imprecaturliarid,
511 3223 560 3281 vei
573 3225 676 3296 patius
688 3224 876 3285 runcinatur
890 3241 897 3282 ε
912 3224 1061 3296 iniquitas
1074 3239 1126 3297 pa·

166 3304 252 3355 trum
264 3298 352 3369 ejus,
371 3305 403 3355 et
414 3303 577 3370 peccatum
595 3296 704 3354 matris
726 3296 794 3368 ejus
813 3299 887 3369 aaut
906 3305 1012 3353 cature
1028 3296 1127 3351 Domi·

165 3382 238 3424 num
261 3384 379 3439 seraper.
410 3373 459 3427 Ps.
482 3378 565 3426 cvm
589 3370 632 3425 ι5.
654 3368 743 3426 Fient
763 3383 822 3427 seu
845 3375 939 3426 eruut
962 3368 1126 3438 presentia

166 3450 275 3496 euram
287 3442 441 3509 Domino,
455 3449 489 3497 ut
501 3454 574 3498 eum
586 3454 651 3497 non
664 3440 704 3497 ob
718 3455 775 3497 sua
787 3447 928 3505 tautum,
949 3438 1005 3495 sei
1017 3447 1049 3494 et
1060 3452 1127 3494 ma·-

165 3507 271 3578 iorum
295 3513 426 3570 crimina
449 3512 488 3570 ad
517 3511 705 3583 supplicium
726 3518 825 3569 vocet
853 3515 1008 3567 Peccatum
1034 3522 1127 3565 meur

166 3586 274 3637 cantra
293 3585 440 3653 (coram)
459 3593 559 3639 meest
572 3597 691 3653 suuper.
713 3584 763 3639 Ps.
785 3592 810 3639 ι·
822 3582 849 3640 5.
869 3580 1042 3655 Semperin
1055 3593 1126 3637 cou-

166 3655 278 3719 spectu
289 3665 361 3709 meu
373 3661 421 3709 est
434 3670 443 3711 ε
457 3667 579 3729 semper
591 3653 659 3726 ejus
671 3652 830 3712 recordor.
