2475 4034
132 112 197 205 172
468 90 599 183 Furto.¹
632 116 742 183 Fruts.

127 228 255 284 laborem
272 226 485 299 inprecantes
506 231 557 286 Ps.
577 238 662 288 xcnt
681 233 725 287 20ss
741 230 845 303 Longe
861 234 877 291 a'
893 249 968 294 vero
984 251 1077 298 sensu

126 297 249 382 litterali
267 299 389 357 aberrat
403 298 509 371 opinio
525 300 768 359 existimantium
783 307 988 377 ,reprebendi
999 325 1074 374 eos.

128 383 180 440 qut
201 369 420 440 Delpraecepta
443 371 537 428 ardua
556 379 589 428 et
604 372 758 431 laboriosa
775 386 952 434 causantur.
979 383 1077 442 Deum

126 438 231 525 ipsum
241 440 389 512 propheta
403 439 587 512 alloquitur,
605 450 636 499 et
648 442 785 501 laborem
798 446 831 503 in
845 448 912 518 ejus
925 453 1079 510 mandatis
1133 489 1135 491 >

126 526 231 569 messe
254 512 426 569 confirmat.
451 514 599 570 convenit
617 515 698 570 inter
719 517 910 587 Hebraicos,
931 522 1077 592 Graecos,

127 583 312 654 Latinosque
331 583 499 652 doctores,
530 585 623 640 sedem
646 586 807 658 iniquitatis
830 604 899 647 esse
926 590 1078 661 iniustum

128 654 263 712 tribunal
284 653 484 723 humanum,
509 656 574 712 lieo
597 656 787 715 insociabile.
821 662 881 717 sed
904 663 1026 722 Hebraei
1047 673 1079 723 et
1128 672 1136 685 '

128 723 254 792 Graeci,
276 737 350 787 cum
375 725 506 784 verbum
530 729 610 799 fingo
629 728 662 784 in
683 730 844 802 participio
871 730 998 802 legant,
1021 737 1079 806 fin-

128 811 200 866 gens
212 796 357 864 taonem,
375 794 410 853 id
420 796 559 854 referunt
577 799 616 855 ad
631 799 691 858 hoc
704 800 808 871 ipsum
821 801 955 860 tribunal
973 805 1079 864 bomi-

128 882 228 934 num,
251 875 282 924 et
292 866 467 938 intelligunt
483 869 584 940 princi
606 885 640 928 es
653 871 831 945 iudicesque
851 872 1005 945 injustos,
1024 878 1078 947 qui

128 937 213 1024 leges
235 938 373 1024 difficiles
392 948 423 997 et
439 940 545 998 labore
567 884 675 1012 plenas
694 944 868 1014 imponunt.
894 946 954 1011 sed
978 946 1076 1005 ambi-

130 1017 276 1081 guitatem
290 1011 369 1069 tolbt
380 1011 516 1082 vulgatas
530 1015 716 1083 auctoritas,
730 1031 798 1087 quae
815 1024 922 1087 aperte
929 1018 1077 1074 determi-

128 1089 206 1150 nat,
226 1084 355 1140 verbum
369 1084 449 1154 tingo
466 1098 530 1140 uon
548 1086 706 1144 adsedem
724 1087 884 1159 iniquam,
909 1089 963 1145 sed
974 1089 1076 1160 ipsum

131 1156 231 1211 Deum
248 1155 403 1225 pertinere
427 1170 435 1211 t
456 1163 606 1225 repugnat
622 1157 706 1213 enim
724 1166 756 1215 et
775 1174 871 1228 genus
888 1159 1077 1230 pronominis

130 1224 265 1292 relativi,
277 1232 308 1281 et
319 1239 451 1295 persona
461 1226 595 1295 secunda
608 1227 695 1284 verbi
705 1269 714 1295 ,
725 1228 936 1298 dumdlcitur,
949 1243 1080 1304 nonque

131 1297 239 1366 fingit,
259 1296 314 1350 sed
325 1296 375 1366 qui
386 1296 483 1367 fingis.
499 1296 596 1351 Verus
609 1297 713 1368 itaque
725 1315 837 1363 sensus
850 1309 899 1359 est
912 1318 919 1359 :
938 1301 1081 1374 Nunquitl

130 1367 205 1433 tibi,
227 1379 247 1422 o
267 1368 374 1431 Deus,
402 1364 454 1434 qui
471 1367 583 1422 creasti
602 1383 658 1423 seu
677 1371 842 1427 condidisti
861 1371 963 1440 legem
982 1373 1081 1431 homi·

89 1437 222 1495 vnibus
242 1434 450 1501 laboriosam,
474 1436 528 1504 qui
550 1435 668 1505 jussisti
689 1441 832 1503 mandata
857 1449 908 1498 tua
932 1443 1081 1502 custodiri
1136 1438 1139 1443 ’
1225 1418 1226 1457 ³

129 1506 223 1564 nimis
239 1508 247 1572 (
262 1505 282 1560 i.
300 1519 327 1560 e.
348 1502 458 1572 valde,
477 1504 652 1574 exquisite,
679 1512 842 1578 accurate)
863 1515 1007 1584 nunquid
1024 1514 1081 1571 tibi

127 1576 297 1649 sociabitur
313 1575 446 1632 tribunal
462 1575 667 1645 iniquorumt
688 1578 869 1648 neutiquam
884 1597 958 1639 sane
977 1600 986 1641 ε
1002 1585 1081 1643 nihil

130 1649 188 1708 tibi
200 1662 272 1706 cum
285 1647 346 1704 illis
359 1661 528 1704 commune
540 1653 597 1702 est.
828 1708 831 1713 ,
1118 1658 1122 1670 ·

169 1718 275 1777 druto.
299 1719 458 1791 Usquedum
470 1719 613 1790 simonior
625 1718 713 1774 lueet
727 1719 856 1776 tenebre.
871 1720 929 1778 tob
941 1734 1019 1779 xxvi
1034 1742 1076 1781 to.

134 1792 322 1865 periphrasis
334 1790 471 1861 poetiea3
484 1804 582 1862 usque
592 1789 631 1848 ad
640 1790 909 1863 linemtcmporis,
927 1807 1025 1864 usque
1038 1795 1080 1852 ad

135 1866 309 1925 extremum
322 1861 428 1933 iudicii
441 1862 534 1920 diem.
979 1926 981 1929 ,

172 1937 206 2002 il
219 1933 333 2003 ⁴liinles
345 1948 405 1990 me.
427 1934 571 1991 Ezechias
582 1948 637 1991 rex
647 1932 680 1991 in
692 1932 812 1993 cantico
826 1936 1081 2006 :Hennaeosque

135 2006 175 2062 ad
189 2021 337 2076 vesperum
357 2005 437 2074 finies
449 2022 504 2065 me,
530 2007 686 2077 spondam
702 2021 790 2077 usque
808 2006 948 2060 admone
966 2021 977 2060 .·
996 2006 1082 2077 quasi

137 2079 181 2133 leo
193 2078 234 2133 sic
252 2076 390 2133 contribit
402 2078 500 2132 omnio
519 2092 585 2132 osso
602 2092 677 2133 meo.
696 2081 838 2132 Damone
860 2093 947 2149 usqne
966 2078 1005 2133 ad
1021 2094 1083 2134 nes·

36 2214 39 2219 ,
135 2162 237 2222 perant
249 2149 327 2220 finies
339 2165 394 2205 me.
415 2151 455 2205 ls.
470 2158 597 2206 xxxviii
614 2165 644 2201 ια
660 2163 704 2219 sq.
728 2151 826 2204 Tanta
842 2148 972 2217 gravitas
982 2149 1083 2206 morbi

135 2220 208 2290 luit,
222 2229 257 2277 ut
266 2220 312 2277 illi
325 2220 384 2277 diei
394 2220 591 2291 superstitem
606 2234 658 2277 me
671 2220 736 2277 iore
755 2234 818 2277 non
832 2234 1010 2290 sperarem,
1028 2219 1084 2279 sed

137 2293 273 2350 dicerem
290 2309 301 2353 t
321 2299 390 2350 ante
405 2291 587 2348 hodiernam
600 2304 778 2361 vesperam,
800 2293 908 2358 Deus,
925 2292 1016 2347 evita
1032 2305 1084 2348 me

137 2365 236 2420 tolles.
251 2364 330 2423 Cum
340 2369 445 2418 tamen
457 2377 555 2432 usque
568 2362 608 2417 ad
619 2374 640 2416 n
650 2371 743 2418 “etem
757 2362 947 2432 superfuisse
958 2376 1008 2417 me
1017 2375 1084 2417 cer·

137 2447 264 2500 nerem,
278 2433 456 2503 sperabam,
474 2433 511 2488 ad
523 2446 668 2488 auroram
685 2446 737 2488 me
749 2441 981 2504 perventurum.
1002 2435 1083 2489 Tum

138 2517 212 2561 vero
220 2503 262 2559 ita
272 2502 429 2560 recruduit
437 2501 537 2558 morbi
549 2502 613 2567 vis,
624 2509 659 2557 ut
672 2503 759 2560 dolor
769 2503 867 2559 instar
876 2503 973 2562 leonis
986 2503 1083 2558 irrue·

138 2583 205 2641 ret,
219 2574 323 2629 omnia
335 2575 408 2630 ossa'
415 2573 646 2642 confungensis.
664 2576 764 2640 Quare
780 2579 882 2631 denuo
894 2588 998 2631 meum
1008 2572 1084 2629 illud

139 2645 266 2717 repetiit
285 2649 363 2702 Ante
374 2641 466 2713 buius
485 2644 545 2700 diei
561 2656 708 2702 occasum
725 2645 763 2702 ad
778 2645 934 2703 tumulum
946 2648 1085 2715 me'per·
1141 2690 1150 2699 ..
1225 2616 1226 2675 Ῑ

140 2719 244 2775 duces.

176 2791 275 2846 Ftnts.
295 2789 340 2845 De
351 2785 543 2860 ierosolyma
561 2788 691 2865 :zsordes
704 2789 764 2858 epus
778 2788 934 2860 inpedias
947 2790 1024 2858 q'os,
1034 2801 1086 2844 nec
1126 2794 1136 2807 ‘

141 2862 297 2918 recordata
315 2869 358 2916 est
376 2859 440 2930 finis
455 2861 509 2917 soi.
527 2859 712 2929 Thren.19.
733 2860 797 2915 Etsi
811 2868 1086 2929 peccatorumsor·

141 2930 229 2990 dibus
242 2939 462 3003 conspurcata,
477 2945 539 2988 non
552 2940 655 2989 tamen
668 2931 831 3002 cogitavit,
845 2945 939 3003 quem
954 2930 1086 3001 denique

142 3005 233 3062 linem
247 3021 299 3061 sua
312 3010 394 3061 esset
407 3003 547 3063 habitura
557 3003 707 3074 impietas.

171 3078 210 3143 il
228 3079 383 3146 Apparere
393 3074 427 3130 in
442 3074 545 3132 linem.
558 3076 742 3130 Adducuisus
753 3075 874 3143 mucul,
896 3082 924 3128 et
939 3071 1087 3143 apparebit

143 3148 173 3202 t'n
192 3150 302 3218 fincta,
323 3158 352 3204 et
372 3161 431 3202 non
450 3147 614 3202 mentietur.
637 3146 669 3201 bt·
689 3161 803 3200 morant
824 3147 942 3216 fecerit,
955 3152 1089 3216 exspecta

143 3220 242 3287 illum,
271 3220 339 3291 quio
357 3219 472 3275 vendens
490 3218 608 3282 veniet,
631 3225 660 3271 et
680 3231 738 3272 non
759 3216 900 3291 tardubitr
920 3217 995 3273 Hab.
1017 3215 1085 3271 115.

145 3288 316 3347 visiohaec.
333 3291 370 3346 de
379 3297 509 3346 venturo
515 3287 646 3353 Messia3
659 3288 767 3356 procul
776 3289 878 3354 abest,
892 3299 1089 3358 nequaquam

145 3362 247 3417 statim
260 3360 437 3431 implebitur
451 3376 459 3416 t
474 3360 528 3416 sed
538 3358 697 3429 apparebit
705 3359 851 3429 promissi
858 3358 970 3414 veritas
982 3358 1014 3412 in
1027 3358 1089 3413 llne

146 3430 338 3497 seculorum,
353 3439 388 3487 ut
398 3431 532 3501 loquitur
543 3430 699 3500 apostolus
710 3432 736 3487 1.
752 3433 820 3486 (lor.
835 3442 856 3486 x
872 3447 912 3484 ιι.
928 3431 994 3485 Non
1006 3428 1090 3485 iallet

145 3502 251 3556 datam
275 3501 368 3559 fldem
384 3505 466 3558 Deus
492 3517 500 3558 t
520 3515 579 3557 nec
596 3500 739 3557 diuturna
758 3503 816 3556 erit
835 3513 943 3566 mora,
969 3501 995 3556 si
1016 3500 1089 3556 binc

145 3572 373 3638 aeternitatem,
402 3572 488 3628 illinc
511 3571 567 3628 ovi
592 3573 689 3627 nostri
711 3572 891 3628 brevitatem
919 3571 1085 3640 aspexeris.

145 3640 380 3763 guaffiimum
391 3642 522 3700 adiuerit
532 3649 725 3701 momentum
734 3642 812 3698 illud
827 3642 1005 3707 decretum,
1023 3653 1087 3697 non
1133 3698 1135 3703 ,

743 3884 759 3917 t
776 3912 779 3921 .
