2475 4034
382 106 496 176 Stcuo.
539 108 769 176 Srucucams.
797 107 811 121 ”
984 103 1047 179 sni

138 228 247 284 sinuo.
270 224 344 279 nem
356 238 454 290 meus,
474 223 605 280 nesiieas
616 240 636 279 a
647 240 702 280 me.
724 228 774 281 Ps.
787 235 879 282 xxvn
895 244 919 281 1.
934 227 970 283 l).
985 227 1057 283 Hie·

105 312 252 369 ronymus
273 296 364 352 vertit
383 310 391 351 t
410 310 451 351 ne
472 294 678 352 obsurdescas
703 296 790 353 mihi.
820 300 863 352 ille
887 306 991 355 taceas
1018 299 1057 357 ad

102 384 212 444 preces
225 381 330 433 meas,
351 379 429 423 neve
444 365 514 422 ilias
528 382 602 422 aure
615 368 710 423 surda
722 369 947 438 praetermittas.
1011 435 1013 439 ,

107 471 123 488 ‚v
141 442 175 509 2)
202 438 297 495 Silere
310 452 325 493 a
339 436 438 493 bonis.
461 440 599 496 obmutui
606 478 617 506 ,
632 448 660 494 et
672 441 840 495 humiliatus
852 456 937 508 sum,
951 450 979 496 et
990 442 1057 497 silui

11 563 12 580 ,
105 511 213 568 abonis
224 527 235 564 .·
248 519 275 565 et
288 508 458 565 daiormeus
468 520 624 568 renouatus
636 520 688 567 esi.
702 514 733 567 P.
747 523 874 568 xxxviii
887 513 1057 569 &cohibui

105 582 261 652 linguam,
282 595 322 637 ne
333 580 413 637 bona
427 582 552 653 quidem
565 591 596 640 et
608 582 691 639 licita
706 582 838 652 protuli,
861 584 1056 655 quantumuis

107 655 191 724 gravi
209 652 314 711 dolore
331 666 387 725 per
404 652 463 711 hoc
482 654 588 724 ipsum
610 654 769 711 silentium
790 654 875 712 intus
892 657 1056 714 recrudes-

107 734 296 865 ce:illoe'Silere
314 806 371 865 pro
392 795 560 867 quiescere.
586 795 611 852 0
631 797 884 872 maerebamini!
909 785 1056 871 usquequa

70 881 77 898 ’
105 884 162 925 non
177 869 326 939 quiesces?
346 868 498 940 ingredere
510 870 540 924 in
551 869 692 941 raginam
701 879 803 938 tuum,
815 870 1013 943 refrigerare,
1025 880 1055 927 et

104 941 164 998 st'ie.
184 943 246 996 ler.
261 950 351 995 xuvfl
363 941 389 995 6.
408 954 495 997 cessa
509 948 681 1012 percutere.

142 1015 250 1071 sinon.
265 1014 345 1067 Fons
356 1012 495 1081 placidus
505 1027 657 1083 aquarum
669 1010 816 1081 siloem
825 1015 928 1072 radice
940 977 1054 1072 moniis
1095 1022 1098 1028 '

106 1083 313 1149 Sicuonem,
333 1084 371 1140 ad
389 1097 482 1153 quem
500 1094 612 1141 unctus
632 1093 679 1142 est
695 1084 862 1153 Salomon,
886 1085 1055 1157 imperium

105 1170 214 1223 regum
226 1155 303 1211 luda
317 1154 468 1224 siguificat
486 1158 523 1212 ls.
540 1168 601 1214 vui
614 1157 640 1211 6.
657 1167 718 1227 qun
731 1165 909 1228 contempto
919 1159 995 1229 aquia
1007 1161 1056 1213 ls-

106 1227 221 1286 raelitae
238 1239 341 1295 regem
359 1241 451 1283 suum
471 1227 593 1286 Phaeee
610 1227 708 1285 lilium
728 1229 893 1296 Romelire,
914 1239 946 1285 et
959 1230 1053 1285 Rasin

106 1313 210 1367 regem
226 1299 321 1369 syriae
333 1298 556 1368 sequebantur,
570 1315 661 1371 poena
678 1300 855 1371 praedicitur
869 1315 877 1356 τ
891 1299 1054 1360 inundabit

106 1382 162 1427 vos
187 1370 310 1440 (inquit
327 1385 354 1425 v.
371 1372 409 1436 7)
435 1372 550 1426 llumen
574 1386 745 1440 maguum,
769 1371 954 1441 Euphrates,
979 1371 999 1427 i.
1023 1386 1051 1426 e.

106 1442 239 1512 Assyriae
253 1456 306 1497 rex
325 1460 334 1508 ;
355 1458 455 1511 ireque
467 1443 567 1499 solum
589 1444 708 1504 israelis
728 1458 877 1511 regnum,
901 1445 955 1500 sed
972 1443 1054 1500 luda

105 1513 201 1569 etiam
226 1516 269 1582 tr.
285 1513 319 1580 8)
347 1513 716 1571 lutnrum'Emmannelis
742 1529 888 1583 regnum,
912 1514 1055 1572 eluvione

106 1584 165 1642 hac
178 1584 350 1644 involvetur
359 1601 448 1658 aisque
458 1586 499 1641 ud
510 1587 632 1653 collum,
642 1585 784 1643 videlieet
792 1587 935 1643 universa
950 1587 1052 1655 regio,

106 1665 234 1727 excepto
255 1666 373 1713 tantum
391 1658 514 1729 capite,
538 1660 614 1715 urbe
633 1657 854 1729 Hierosolyma.
879 1661 961 1713 'ium
978 1672 1054 1716 vero

106 1729 232 1787 coeleste
256 1728 402 1785 'auxilium
427 1730 616 1800 prospiciens
641 1731 744 1787 auimo
767 1737 872 1795 vates,
901 1728 1055 1786 exclamat

105 1817 164 1874 rap
186 1817 193 1858 :
215 1802 442 1872 congregamini
455 1803 551 1872 popuii
560 1842 569 1869 ,
589 1809 618 1857 et
630 1802 784 1869 vincimini.
802 1801 928 1869 Adeste,
941 1808 976 1857 ut
986 1800 1053 1857 uln-

106 1872 238 1933 eamini‚
259 1875 354 1929 futuri
371 1872 503 1929 tictimae
517 1873 617 1943 angeli
631 1874 800 1929 vastatoris.

143 1948 279 2000 Simeon.
302 1946 374 2009 lia,
394 1959 466 2001 cum
481 1944 579 2002 ulium
601 1944 732 2002 alterum
745 1943 931 2015 peperisset,
956 1946 1053 2002 dixit:

50 2085 52 2089 ,
103 2017 563 2085 v<inaniumaucliaitmeilominus
573 2018 671 2076 ituberi
678 2017 852 2086 contemptui
860 2055 870 2083 ,
884 2018 1055 2072 dediteiiam
1109 2053 1119 2072 .

106 2088 196 2215 iginus
206 2088 275 2142 mibi
283 2088 479 2210 33oueaoitque
496 2103 598 2144 nortun
608 2090 673 2160 ajars
683 2090 817 2156 Simeon‘3
837 2103 865 2159 q.
881 2090 909 2145 d.
926 2088 1050 2146 auditio.

133 2174 181 2215 eu.
203 2170 281 2214 xxix
319 2161 344 2213 5.
771 2181 774 2185 ⁴
809 2168 835 2200 ·‘

146 2232 318 2288 siuriaco.
340 2236 384 2287 Da
394 2235 587 2302 suauitatem,
601 2243 631 2291 et
643 2233 812 2291 memorium
824 2233 1013 2305 similaginis,
1026 2242 1055 2290 et

106 2304 257 2373 impingua
270 2304 452 2361 abmtionem.
474 2305 566 2362 Eceli.
577 2318 705 2363 xxxuur
723 2326 761 2366 ιι,
777 2309 931 2362 Memento
942 2305 1013 2360 thus
1023 2311 1056 2361 et

110 2373 243 2431 similam
256 2391 329 2434 cum
347 2376 454 2446 pingui
471 2375 573 2435 hostia
590 2379 701 2435 offerre
722 2382 795 2434 Deo.
818 2377 963 2433 Retribuat
980 2375 1056 2445 gra-

107 2447 195 2514 tiam,
214 2448 264 2519 qui
274 2448 357 2519 offert
375 2449 576 2521 similaginem.
600 2450 692 2506 Eccli.
707 2460 794 2507 xxxv
814 2451 839 2512 lt·
868 2450 925 2516 Qui
938 2447 1055 2505 sacrist-

106 2518 190 2586 cium
213 2520 320 2591 (cujus
333 2536 404 2591 pars
420 2527 487 2578 erat
498 2522 617 2589 simila)
635 2525 695 2578 lieo
708 2521 815 2587 offert,
829 2533 887 2591 pro
897 2520 1054 2594 beneficiis

105 2601 209 2661 gratus
233 2602 286 2649 est.
309 2593 505 2650 Valetium:
530 2594 626 2650 homo
653 2600 757 2663 gratus
780 2608 843 2654 non
861 2594 965 2649 miuus
987 2595 1059 2649 lieo·

104 2664 223 2734 placet,
244 2680 336 2734 quam
351 2665 404 2735 qui
423 2665 576 2725 sacrificio
587 2679 661 2721 eum
674 2665 814 2724 honorat.

141 2736 349 2793 Sllssmono.
370 2737 494 2793 Posuisti
504 2752 556 2792 nus
570 2738 600 2791 in
614 2736 829 2792 similitudinem
840 2738 982 2805 gentibus.
1003 2738 1059 2791 Ps.⁴

104 2815 187 2861 xuni
201 2808 241 2861 15.
257 2807 419 2864 Chaldaice
429 2849 438 2874 ,
449 2809 482 2864 in
492 2808 700 2878 proverbium.
714 2808 864 2863 Nimirum
876 2816 908 2862 ut
918 2807 1053 2861 dicatur:
1139 2857 1146 2872 ,
1228 2815 1229 2822 ¹

105 2875 213 3004 Judafo
225 2878 377 3001 misergior.
399 2881 466 2946 Quo
475 2880 755 2946 scnsul’araboiam
768 2879 867 2949 accipi
876 2878 994 2934 dictum
1007 2885 1058 2933 est-

45 2977 47 2980 ·
105 2961 164 3005 suo
188 2957 298 3017 oco,§
328 2988 336 3005 .
493 2993 496 2998 .
676 3015 681 3020 ¹
876 2965 880 2972 “
1055 2980 1058 2988 ·

142 3021 180 3087 2)
196 3021 255 3077 Pro
272 3020 415 3089 imagine.
437 3026 621 3081 muraenam
637 3025 764 3096 glorium
775 3038 859 3079 suam
871 3021 901 3075 in
919 3020 1054 3077 sinniitu-

105 3089 297 3174 dinemoituii
311 3094 481 3150 comedentis
492 3096 599 3166 senum.
620 3100 670 3153 Ps.
693 3107 735 3153 ov
754 3112 797 3151 so.
821 3092 966 3151 israelite
984 3091 1054 3149 loco

104 3163 164 3245 per
176 3203 198 3246 ⁹.
211 3164 263 3233 qui
285 3164 369 3221 solus
387 3174 435 3222 est
451 3181 524 3224 vera
545 3167 649 3238 populi
672 3168 720 3225 sui
740 3167 861 3236 gloria,
886 3166 1054 3223 adorarunt

104 3245 273 3303 imaginem
289 3235 395 3304 vituli,
417 3237 471 3308 qui
485 3238 555 3296 feno
574 3240 718 3310 pascitur.
741 3239 817 3298 Vide
838 3239 925 3293 Ornin.

142 3306 252 3363 Sinon.
270 3309 326 3378 Qui
334 3309 403 3365 vivit
411 3310 441 3365 in
450 3317 609 3379 ulmum,
623 3311 732 3367 creauit
740 3311 837 3368 amnia
847 3311 940 3365 simui.
956 3302 1050 3363 Eccli.

103 3387 191 3435 xvur
212 3397 233 3434 1.
254 3382 337 3438 Deus
352 3387 485 3438 aeternus
500 3384 604 3440 omnia
624 3382 767 3440 similiter
783 3381 948 3453 produxit,
968 3377 1053 3442 nulla

103 3462 141 3505 re
160 3460 310 3521 excepta,
330 3467 415 3522 non,
437 3454 549 3513 eodem
567 3462 726 3513 momento
743 3462 795 3511 aut
810 3461 971 3523 tempore,
997 3450 1059 3507 sed-

102 3521 216 3579 eadem
242 3524 359 3584 ratione
376 3528 504 3594 omnia,
523 3542 561 3583 ex
581 3526 688 3586 nihilo.
881 3553 883 3564 ·
1054 3526 1058 3534 “

141 3595 345 3656 Slxfilibdlils.
359 3598 571 3656 interminavit
580 3614 663 3663 eam,
677 3597 800 3654 vineam
813 3594 951 3664 ecclesiae
962 3633 970 3660 ,
983 3608 1058 3664 aperv

101 3664 139 3722 de
155 3667 228 3728 silvo
238 3685 254 3738 ,'
271 3678 300 3726 et
310 3671 469 3742 singularis
486 3673 567 3745 [erre
586 3671 719 3742 munitus
735 3677 777 3723 ess
792 3683 864 3723 euna
889 3669 937 3774 ξε.
954 3677 1052 3722 cxxix

876 3756 885 3793 l
893 3760 906 3791 a
