2475 4034
155 98 193 168 ba
242 138 262 145 -·
301 138 314 142 =<
500 99 748 175 Paestano.

155 216 222 275 mis
234 214 336 273 nivini
356 211 476 274 (iudicis
500 211 739 284 interpretibus,
763 211 801 275 iia
822 213 956 271 verbis't
986 232 1000 264 r
1021 215 1100 273 cum

154 310 170 364 ¹s
191 289 380 358 scripturam
393 302 436 342 ne
446 301 463 344 a
475 280 582 363 limine
595 286 720 357 qiidam
734 284 895 343 salutarint
909 327 918 355 ,
939 294 1033 357 qnam
1048 303 1101 343 au-

155 361 299 417 adacter
324 373 396 416 eam
419 355 603 442 exponunt!
638 372 731 428 quam
760 357 856 414 libere
876 355 1098 428 pronuntianti

155 429 1103 577 3dtidiiiiidtid{militiaidtddliaiit

156 596 171 628 s
187 582 245 632 tas.
269 574 382 630 videas
394 570 638 649 vim-scripturae
650 572 751 629 verbis
765 568 887 639 afferri,
906 572 1017 628 invitos
1030 587 1101 642 pro·

150 668 173 710 a
190 647 298 716 phetas
310 646 414 712 citari,
432 644 539 713 liguris
551 643 682 713 liguram
695 651 726 701 et
737 645 973 708 formamsuam
986 644 1101 711 aditui,

157 740 172 791 r
191 718 322 783 lacerari
335 731 423 773 sacra
432 716 545 781 verba,
566 716 639 771 etin
654 715 770 773 alienos
785 730 895 771 sensus
910 715 1101 786 detorqueri,

150 800 172 842 ³»
193 788 261 866 lieri
272 788 399 848 inlibris
410 788 544 854 Divinis,
560 795 673 854 etcum
682 787 794 858 plausu
803 787 973 843 multorum
982 787 1101 857 excipi,

157 883 173 914 s
193 861 277 989 2⁰⁰³
297 860 330 917 in
354 861 499 919 'retentio
520 873 588 915 non
613 860 729 916 ferrent
748 858 953 928 grammatici.
990 861 1036 915 lie
1055 859 1105 915 bis

158 955 172 986 »
215 934 325 999 citur,
348 932 507 988 visionem
519 931 622 988 cordis
636 932 685 986 sui
703 930 899 1001 loquuntur,
919 944 981 988 nou
997 931 1035 986 de
1048 943 1103 986 ore

158 1027 176 1064 a
194 1005 328 1063 nomini.
349 1024 362 1054 r
386 1005 577 1073 (commem.
601 1002 767 1074 majorsrin
786 1012 834 1058 nn
855 1002 967 1073 proph.
991 1002 1030 1058 ad
1042 1017 1069 1060 c.
1090 1012 1104 1057 t
1211 1036 1213 1041 -

160 1079 264 1143 θυαε,
287 1091 318 1133 n.
334 1079 368 1132 ii
390 1075 422 1132 et
438 1075 507 1142 ii.)

185 1146 309 1206 'Nostris
323 1162 397 1205 vero
406 1146 594 1217 temporibus
608 1160 683 1202 eum
692 1145 875 1216 interpretes
886 1152 952 1203 tam
962 1143 1104 1216 pamiae

159 1228 341 1291 suppetant,
359 1219 411 1276 diu
419 1226 581 1288 cunctatus
592 1233 682 1285 sum,
696 1225 727 1273 et
737 1232 851 1289 auceps
861 1218 1000 1274 detecte
1012 1215 1105 1274 melis

159 1291 265 1349 labore
279 1290 498 1363 suscipiende,
524 1288 710 1347 tandembis
723 1289 788 1345 iere
806 1289 994 1358 argumentis
1013 1289 1102 1345 cessi.

159 1365 365 1434 interpretum
379 1372 491 1432 magna
509 1370 541 1417 et
554 1362 691 1432 pretiosa
709 1360 868 1419 volumina
888 1372 951 1418 non
965 1359 1105 1417 alliciunt

161 1443 214 1492 aut
225 1435 308 1506 juvat
319 1433 488 1506 plerosque
494 1447 603 1490 eorum
614 1475 624 1501 ,
644 1432 754 1502 quibus
767 1446 896 1503 operam
909 1433 1105 1491 baucrmeam

161 1516 319 1565 consecro,
347 1508 431 1572 Vos,
456 1506 605 1576 inquam,
631 1507 810 1562 secerdotes
826 1505 919 1571 novi,
938 1519 992 1561 eos
1010 1503 1105 1560 libros

161 1578 318 1650 quaeritis,
363 1578 451 1634 uibus
463 1586 495 1633 et
506 1577 645 1633 emendis
658 1577 818 1634 mediocre
835 1577 989 1646 pretium,
1011 1583 1041 1630 et
1059 1575 1106 1631 ie·
1151 1577 1156 1584 ‘

161 1650 268 1721 pendis
280 1662 333 1706 mo
366 1660 440 1709 eum
450 1656 571 1718 tempus
582 1649 720 1704 sufficiat
736 1652 906 1715 Praeterea,
921 1648 995 1703 dum
1005 1647 1105 1715 prima

161 1721 248 1779 vobis
259 1735 334 1779 cura
347 1728 412 1788 est,
427 1729 461 1776 ut
472 1735 542 1777 esse
552 1720 642 1776 debet
653 1758 664 1792 ,
678 1720 808 1779 verbum
821 1720 877 1776 Dei
889 1733 963 1776 cunr
977 1717 1106 1791 diligen·

161 1793 252 1850 tiaet
264 1792 428 1850 attentione
444 1792 625 1862 perieger03
646 1792 853 1860 digressiones
868 1791 976 1860 longas
989 1797 1022 1846 et
1035 1804 1106 1847 cre·

162 1864 234 1921 bras
250 1864 379 1927 minime
397 1863 595 1930 desideratis,
617 1878 686 1933 quse
706 1863 920 1920 festinantibus
937 1871 968 1919 et
988 1861 1107 1930 egenti-

163 1935 222 1992 bus
233 1943 297 1993 tem
318 1946 372 1992 ore
388 1934 458 2004 plus
472 1935 690 2004 impedimenti·
703 1935 834 2001 afferre,
860 1944 953 2006 quam
970 1932 1107 1990 oblecta·

162 2006 259 2063 menti
316 2012 377 2065 ent
388 2009 492 2076 iisque
501 2006 581 2062 inter
590 2006 658 2063 haec
669 2006 755 2063 initia
763 2006 914 2064 moralem
928 2004 1018 2062 autel
1038 2014 1040 2017 ’

162 2076 263 2134 ricum
273 2077 530 2162 tenarrmpetitis,
547 2078 683 2135 contenti
699 2077 939 2149 nuucbtteraii,
958 2077 1056 2148 quito
1069 2088 1106 2132 us

147 2198 148 2201 ,
165 2154 349 2205 caeterorum
361 2148 442 2204 basis
453 2155 502 2205 est
519 2164 528 2205 t
547 2161 622 2206 vere
634 2149 719 2217 enim
733 2164 827 2206 sensu
838 2149 962 2207 litterali
972 2149 1108 2205 instrue·

163 2225 212 2278 ωε
226 2241 238 2286 ,“
253 2228 390 2277 mentem
406 2219 559 2290 lequentis
577 2221 634 2291 iiei
652 2219 817 2290 intelligits
835 2236 874 2280 eo
892 2230 996 2279 autem
1013 2219 1107 2275 desti-

164 2297 266 2356 tutus,
288 2293 414 2348 iiuotuet
427 2292 600 2349 etiamnum
611 2295 632 2359 ,'
644 2306 704 2349 nec
721 2293 797 2349 certi
809 2293 977 2364 quidquam
991 2291 1105 2358 habet,

165 2372 226 2433 quo
242 2362 292 2420 vel
308 2363 375 2432 ipse
393 2362 527 2430 nitatur,
549 2360 599 2420 vel
615 2364 787 2421 auditorem
803 2363 900 2421 selide
917 2361 1046 2419 firmiter
1089 2430 1091 2434 ι

146 2456 148 2461 ’
167 2439 279 2490 teneat·
297 2433 377 2501 Quid
390 2433 472 2504 quod
484 2448 612 2492 securus
626 2448 695 2492 esse
707 2435 746 2491 de
758 2446 852 2492 sensu
864 2434 977 2491 morali
988 2440 1019 2488 et
1032 2432 1060 2488 al
1072 2446 1108 2488 e-

166 2505 297 2576 gerico,
323 2513 374 2562 aut
397 2506 564 2577 anagogico
584 2521 678 2567 nemu
695 2515 818 2578 potest,
844 2522 904 2564 uec
925 2507 965 2573 de
982 2505 1108 2570 iliorum

167 2576 317 2659 soliditate
327 2576 485 2647 iudicare,
503 2578 631 2650 nisiqui
646 2579 809 2636 litteralem
825 2586 895 2636 ante
911 2576 1106 2649 perceperit,

165 2650 257 2719 equo
273 2647 342 2706 silos
363 2649 468 2705 enasci
480 2660 608 2708 neeesse
619 2660 669 2708 est
681 2653 697 2706 i
711 2651 885 2708 litteralem
903 2663 978 2708 vero
988 2649 1041 2720 qoi
1053 2662 1109 2717 pc-

166 2727 290 2787 netrat,
318 2734 411 2784 exeo
433 2721 583 2779 moralem
605 2731 794 2793 caeterosque
812 2722 923 2780 eiicere
942 2735 998 2778 suo
1011 2722 1109 2791 ipsius

164 2791 288 2875 ingenio
301 2800 417 2861 potest,
439 2795 532 2850 etiam
544 2796 668 2851 nemine
682 2802 872 2864 suggerente.
897 2795 933 2850 id
943 2798 1020 2863 ergo
1031 2792 1109 2848 mibi

166 2864 222 2919 iurt
237 2865 449 2933 propositum,
472 2873 507 2922 ut
526 2882 548 2924 ⁴r
565 2876 632 2932 ¹stro
649 2868 814 2924 commodo
832 2867 988 2924 obstacula
1004 2863 1109 2921 omnia

166 2934 306 3017 tollerem
322 2975 330 3002 ,
352 2881 575 3007 quoeiloquengi
588 2940 790 3008 peregrinitas
804 2940 910 3006 ailert,
932 2952 993 3010 quo
1005 2936 1109 2992 minus

166 3019 329 3076 perspicue
346 3007 446 3066 Codex
462 3010 589 3067 Divinus
604 3008 755 3080 intelligi,
778 3020 809 3068 et
820 3011 958 3068 litteralis
970 3009 1110 3080 eiusdem

167 3090 275 3161 sensus
295 3078 481 3148 deprehendi
503 3097 520 3138 a
541 3081 726 3153 quibuslibet
744 3084 869 3154 possit:
896 3081 988 3140 simui
1006 3089 1111 3137 tamen

166 3149 797 3225 brevitatetantausursum‚quantumeu'n
840 3170 914 3212 eres
922 3169 970 3212 am
992 3152 1111 3208 lissima

167 3221 363 3290 admittebat,
387 3238 448 3294 quo
466 3225 683 3295 parabiliorem
699 3227 788 3284 vobis
824 3228 927 3293 ibrum
952 3169 1108 3283 offerrem.

198 3292 315 3350 incluti
336 3304 411 3366 ergo
422 3296 482 3354 boe
502 3297 777 3356 bexieovocabula
793 3309 829 3359 et
840 3300 948 3357 modos
965 3295 1112 3369 loquendi

166 3374 296 3433 omnes,
319 3380 452 3438 quorum
474 3369 677 3440 peregrinitas
701 3383 824 3428 moram
848 3372 975 3442 injicere
997 3367 1113 3441 legenti

167 3444 293 3558 fosseta
312 3445 347 3493 nt
364 3440 455 3509 proin
471 3440 537 3511 ejus
550 3454 609 3512 ope
625 3449 691 3498 tam
708 3442 799 3512 piane
817 3451 849 3499 et
861 3443 1002 3513 expedite
1019 3437 1114 3498 intei-

178 3505 220 3573 igi
244 3508 371 3577 Vulgata
396 3520 516 3584 queat,
547 3524 641 3583 quam
665 3515 692 3570 si
710 3514 817 3573 Libros
837 3517 965 3572 Divinos
982 3515 1015 3571 iu
1035 3514 1047 3568 i
1069 3510 1110 3567 sis

168 3575 301 3633 tontibus
322 3579 462 3654 legeres,
482 3583 706 3657 primaerasque
724 3586 844 3656 linguas
866 3589 989 3659 penitus
1008 3527 1111 3641 anfme

169 3649 406 3720 comprehensas
420 3663 453 3713 et
469 3657 629 3715 memorius
641 3666 808 3728 praesentes
823 3659 964 3719 babet-es.
985 3659 1049 3726 Qua
1063 3668 1110 3709 ra·
