2475 4034
175 152 262 240 ,aaa
351 221 354 229 ,
492 152 655 219 Vrcrrns.
703 147 847 218 Vicina.

177 270 474 340 rebanturquatnor
485 273 516 324 ct
525 264 654 336 vigiam
668 278 736 337 quae
743 260 873 324 mutatis
886 260 971 320 inter
981 269 1017 321 se
1025 262 1148 336 vicilare

189 339 348 410 intemplo
360 337 583 396 ministrabant.
606 338 704 408 stirps
717 351 774 393 seu
786 335 956 407 posteritas
970 335 1054 393 abtae
1067 336 1150 398 inter

188 412 244 469 has
258 419 324 468 crat
340 412 449 468 ordine
461 416 588 475 octava,
608 416 642 465 ut
653 424 692 465 cx
704 409 730 465 1.
747 410 815 465 Par.
831 418 914 464 xxiv
934 419 970 460 ro
984 407 1145 468 discimus.

226 487 268 548 a]
287 488 342 539 Per
353 484 443 540 vicen
458 483 541 537 banc.
557 484 628 538 ter.
645 491 702 538 xiv
723 478 777 536 uit.
799 478 862 536 hac
882 479 963 536 rice
981 489 1067 548 tax,
1087 480 1148 542 hoe

190 563 341 626 tempore.-
677 623 679 626 ¹

197 675 201 678 ,
226 628 369 685 vionius
382 630 508 682 Putasne
518 629 593 681 Deus
604 640 620 681 e
631 624 726 682 ricino
737 638 793 695 ego
802 638 888 691 sum,
903 624 975 680 dicit
988 624 1149 694 Dominus,

192 699 218 754 et
232 714 291 754 aaa
304 703 378 755 Deus
389 700 520 767 deterge
532 701 546 752 t
562 700 623 753 ter.
646 707 730 754 xxm
743 696 786 751 αδ,
810 698 903 752 Tune
921 696 1064 753 coelestia
1078 705 1151 753 tan·

190 779 279 839 tum,
299 784 362 829 non
375 770 468 827 etiam
483 770 619 825 humana
631 767 746 825 intueri
757 781 809 824 mc
820 775 909 837 putas
924 770 939 823 t·
964 776 1017 825 aut
1030 782 1067 824 ea
1080 776 1151 826 tan·

190 850 258 898 tum
270 841 372 910 sciro,
392 856 461 913 quae
472 839 574 912 palam
587 848 760 909 geruntur,
780 852 843 896 non
856 838 1150 911 quaa-clancutumr

191 914 222 969 Si
236 913 431 974 accubabitur
443 913 489 969 uir
502 912 532 967 in
548 913 742 978 absconditis,
762 919 791 965 et
803 925 929 980 egenen
941 912 1041 967 ridebo
1054 914 1152 968 esoni

192 986 260 1041 dicit
275 985 422 1043 Mnus.
442 985 576 1058 Nuaqaid
593 999 652 1039 non
667 984 806 1041 catumet
819 990 933 1038 terram
950 998 1005 1055 ego
1018 984 1123 1055 impleo
1136 984 1153 1042 i

190 1072 220 1115 v·
237 1073 251 1114 s
274 1096 283 1114 0

203 1193 206 1202 p
226 1072 383 1187 Vilct'ttu.
406 1132 513 1185 Domus
530 1132 614 1200 piena
635 1128 766 1185 victimis.
787 1129 876 1185 Pron.
899 1138 970 1188 xvii
987 1145 1009 1183 ι.
1027 1126 1149 1198 iul-est,

192 1201 291 1269 epulis
303 1216 310 1257 ε
320 1210 446 1274 peracto
458 1202 542 1258 enim
555 1199 707 1258 sacrificio
718 1241 726 1266 ,
739 1197 800 1256 nisi
813 1199 1149 1270 holocaustumcsset,

195 1274 383 1344 qnodtotnm
395 1273 610 1341 cremabatur,
624 1271 914 1330 victimaecarnibus
926 1272 1146 1330 vescebantur.

201 1389 204 1394 .
226 1345 358 1402 Victus.
382 1348 443 1401 Pro
461 1345 533 1403 vita.
559 1346 608 1402 Vir
626 1344 778 1414 respiciens
796 1343 827 1397 in
847 1344 1150 1419 marsumaticum,

192 1415 308 1471 otiosus
317 1415 491 1489 parasitus,
506 1416 605 1474 aliena
618 1424 738 1478 tantum
752 1416 869 1488 quadra
879 1416 984 1474 vivere
996 1414 1128 1488 cupiens
1141 1456 1150 1484 ,

191 1499 249 1541 non
262 1494 304 1542 est
317 1488 379 1543 rita
396 1487 457 1557 cius
476 1489 507 1543 in
522 1488 701 1572 cogitatione
715 1487 820 1546 uictus·¹
836 1485 929 1545 dccii.
947 1487 1045 1545 tudo,
1065 1489 1150 1546 Fons

192 1572 309 1627 graecus
327 1558 439 1615 habet:
460 1559 494 1615 in
512 1568 632 1617 ratione
651 1571 708 1616 sca
726 1559 958 1632 computatione
975 1559 1056 1617 rite.-
1079 1559 1151 1619 vita

192 1630 258 1701 ejus
280 1643 342 1687 non
361 1638 408 1687 est
424 1629 516 1700 digna
537 1631 606 1689 vitae
629 1629 757 1688 nomine
777 1630 902 1689 :instar
926 1630 1043 1689 mortni
1060 1630 1150 1690 enim

192 1701 407 1773 torpendum
423 1717 525 1772 agens.
552 1703 600 1760 Vir
618 1711 718 1758 autem
731 1702 930 1774 disciplinatus
943 1712 979 1764 et
996 1702 1148 1774 sapientia

193 1774 322 1844 crudtus
334 1775 475 1832 custodiet
486 1791 516 1831 se
531 1776 568 1832 ab
581 1774 653 1833 otio.
671 1773 744 1831 ibid.
759 1789 788 1830 v.
807 1789 853 1845 sq,

227 1848 359 1904 vannus
386 1846 466 1904 olim
484 1860 599 1904 nomen
617 1853 684 1903 crat
704 1845 887 1915 prophetae:
911 1848 963 1919 qui
983 1847 1151 1902 aninmo·

192 1919 278 1992 piretu
291 1920 398 1977 dicitur
410 1918 513 1987 dode,
532 1920 693 1976 vocabatur
705 1917 774 1973 atirn
793 1918 902 1982 Vident.
925 1919 952 1978 1.
973 1921 1046 1986 neg.
1067 1928 1148 1987 119.

207 1992 344 2048 ,vinnm
366 1993 476 2051 Hostes
499 1991 561 2050 mci
583 1991 746 2058 danunt,
769 1991 871 2060 Euge,
891 1991 993 2059 euge!
1014 1988 1152 2045 uidam

192 2062 270 2122 acatt
295 2062 398 2118 nostri.
431 2064 481 2118 Ps.
506 2073 607 2119 xxxiv
632 2079 675 2118 cr.
701 2062 860 2128 uiderunt,
878 2061 1043 2118 -nimirum
1064 2060 1151 2131 qiud

193 2132 378 2203 cupiebant,
404 2140 596 2204 pereuntem.
613 2133 695 2191 Oculi
706 2133 763 2189 arei
773 2132 909 2189 videbun
920 2134 950 2189 in
962 2148 1035 2188 eam.
1050 2131 1147 2189 Minis.

134 2225 139 2232 ’
192 2215 242 2265 vit
256 2223 296 2260 ιο.
313 2205 460 2262 ridebunt
474 2218 544 2262 eam
559 2219 667 2275 paenas
680 2205 827 2273 dantem,
850 2218 928 2275 quas
940 2209 1091 2261 moretur.

207 2323 210 2329 ,
229 2276 472 2342 etProaudirc.
488 2278 566 2333 cum
578 2276 629 2333 tex
641 2277 767 2337 daretur
777 2277 810 2333 in
822 2283 927 2333 monte
942 2276 1036 2343 Sina,
1052 2289 1152 2347 popu-

193 2349 238 2404 tus
250 2348 364 2404 ridebat
378 2364 458 2404 rocas
472 2387 484 2415 ,
499 2357 531 2415 ,et
550 2348 721 2419 tampades,
745 2356 773 2404 et
789 2349 917 2404 sonitum
936 2347 1070 2403 buccina.
1092 2348 1147 2404 Ex.

192 2431 237 2478 xx
252 2420 292 2475 ιθ.
313 2419 468 2476 Flammas
485 2419 628 2488 videbat,
651 2434 744 2478 voces
766 2425 797 2475 et
808 2419 974 2478 buccinam
992 2418 1150 2477 audiebas.

206 2548 209 2553 ,
226 2489 265 2557 3)
280 2492 341 2546 Pro
354 2489 498 2547 invisere.
515 2490 546 2545 Si
557 2491 796 2562 ingrediebatur,
822 2500 854 2547 ut
869 2491 996 2557 videret,
1014 2503 1095 2547 oeno
1108 2491 1154 2546 io·

192 2562 344 2632 qmbotur.
372 2564 420 2617 Ps.
442 2572 483 2617 xt
503 2580 528 2629 7.
551 2561 583 2618 si
599 2576 652 2619 me
667 2570 866 2631 {egrotantem
884 2562 1049 2630 visitabat,
1077 2562 1152 2620 dcte

192 2632 381 2698 humanitate
394 2646 446 2688 me
465 2631 621 2689 solabatur
632 2649 645 2690 t
662 2633 866 2702 egredebatur
878 2637 960 2707 foras
973 2665 994 2701 ,ι
1006 2642 1035 2689 et
1047 2634 1152 2705 toque

192 2707 281 2770 batur
293 2703 324 2761 in
336 2704 481 2774 idipsum.-
500 2704 619 2762 redibat
632 2720 649 2760 a
660 2718 714 2768 mc
727 2707 770 2763 ad
783 2720 887 2775 suos,
900 2714 932 2764 ca
943 2704 1054 2763 cadom
1065 2703 1151 2763 mim

192 2774 440 2848 imprecabatur,
464 2790 533 2847 qnae
549 2775 619 2843 illi,
637 2790 750 2848 nempe
761 2776 932 2844 interitum.

228 2850 269 2917 lt)
289 2848 399 2905 Videre
417 2862 451 2905 se
470 2855 588 2908 mutuo.
611 2849 752 2907 Amasias
770 2864 826 2906 rex
842 2851 925 2908 duda
942 2850 1063 2910 ntrntiat
1079 2852 1154 2920 regi

192 2919 288 2983 israel
303 2923 375 2977 toas
389 2936 398 2977 :
413 2920 502 2988 Veni,
522 2921 733 2977 uideamusnos
751 2931 863 2978 mutuo.
881 2926 909 2978 2.
927 2924 1085 2978 Paraxxv
1104 2940 1149 2990 ¹7·

193 2989 317 3049 coitatis
331 2992 426 3061 signis
442 3005 638 3063 pugnemus,
663 2994 745 3051 vires
761 3001 870 3051 mutuo
882 2993 1091 3068 experiamur.

211 3064 265 3131 25)
290 3063 459 3136 (deicidas,
545 3065 641 3134 dere,
670 3067 741 3136 Ῑιεςε
759 3066 789 3121 in
808 3075 920 3122 terrant
937 3065 1022 3121 duda
1051 3067 1154 3122 Amos

193 3146 242 3193 vn
257 3153 298 3191 so,
319 3136 397 3202 Abi,
416 3151 437 3194 o
448 3134 479 3192 vi
500 3150 572 3204 ens,
586 3151 606 3194 o
618 3138 789 3208 propheta:
808 3138 879 3208 tune
892 3138 923 3194 in
936 3137 1086 3193 Judaeum.

213 3208 343 3266 ¹iiluna.
368 3219 429 3270 Non
440 3208 498 3279 fuit
509 3209 669 3276 adactus,
689 3208 872 3278 derelictus,
888 3212 979 3264 Israet
991 3217 1024 3263 et
1036 3207 1117 3263 duda
1131 3224 1156 3264 a

193 3282 252 3335 Deo
263 3295 338 3346 suo,
360 3280 482 3336 Domino
499 3277 702 3337 exercituum:
718 3286 800 3337 'terre
812 3283 1024 3340 autem-ebrum
1037 3280 1155 3356 repieta

193 3360 235 3407 est
249 3351 351 3407 delicto
362 3368 382 3406 a
394 3356 501 3409 Sancto
512 3353 620 3418 Israel,
636 3353 658 3409 i.
671 3368 699 3409 e,
715 3352 789 3410 dum
802 3352 840 3410 ab
853 3365 891 3411 eo
903 3351 1032 3410 recessit
1043 3353 1056 3418 ς’
1073 3352 1155 3409 tium

194 3422 470 3482 abeoaversaest.
485 3425 549 3482 der.
566 3426 638 3480 nit.
1019 3445 1022 3451 ¹

216 3495 357 3552 ,victum
381 3495 631 3567 Vigiiaritjugum
642 3497 834 3569 iniquitatum
845 3511 977 3556 mearunt
989 3512 1000 3550 .·
1013 3496 1046 3549 irs
1055 3509 1156 3552 manu

192 3565 254 3632 ejus
266 3566 424 3629 convoluta
435 3578 527 3635 strat,
550 3577 578 3623 et
593 3568 734 3639 impositae
746 3570 819 3625 coito
830 3585 902 3626 mec.
929 3569 1047 3626 Theon.
1069 3577 1082 3621 t
1106 3568 1150 3629 rt.

192 3635 414 3702 exspectarunt
432 3651 483 3691 me
501 3648 627 3707 peccata
640 3654 732 3706 mea,
752 3655 821 3711 quae
837 3639 923 3708 vigili
944 3636 1037 3695 oculo
1059 3638 1152 3693 Deus

193 3705 348 3772 respexit,
371 3707 469 3764 donec
487 3710 848 3779 measuraimpleretur,
870 3718 903 3767 et
917 3705 1154 3769 ille-scelerum

191 3773 334 3831 cumulus
351 3774 448 3833 instar
462 3776 527 3849 iugi
544 3780 720 3848 gravissimi
734 3795 785 3840 me
801 3781 1014 3874 opprimeret„-
1028 3839 1041 3862 Ι,
