2475 4034
146 147 239 234 ,348
459 197 462 202 -
503 150 602 219 Sem.
650 148 789 219 Somou.

169 259 309 338 Qooernnt
322 264 495 352 extinguere
505 267 664 352 scintillam
676 283 779 353 nicom.
801 270 827 326 2.
842 270 921 353 '¹082'
930 277 987 330 xlv
1003 280 1029 396 ἶ.
1040 268 1129 329 Bon

166 355 185 394 e
201 339 321 395 duobus
333 338 403 394 liius
422 338 552 395 alterum
568 351 749 407 amiserim,
771 355 856 398 nunc
873 350 969 397 eoam
988 348 1122 399 aterum

166 411 206 468 ad
229 419 361 467 mortem
386 410 565 480 deposcunt.
591 412 816 468 venustissima
842 419 892 476 est
914 412 1132 482 metaphora,-

166 495 258 552 quam
278 482 325 537 vir
344 481 540 551 amplissimae
553 483 734 542 eruditionis
749 483 899 540 Martinus
920 482 1072 552 belrius,
1086 484 1123 541 in

1220 247 1222 378 l

165 552 362 621 ddagialibus
377 555 502 620 Sacris,
523 557 555 610 Ρ.
572 555 691 625 lddag.
710 571 781 625 192,
799 556 1055 627 hypocorismum
1067 570 1128 640 ap·¹
1221 565 1222 594 l

164 624 279 696 pellat,
299 625 322 680 i,
344 639 371 680 e.
398 625 544 681 blandam
569 629 725 696 quandam
746 627 985 684 diminutionem
1006 646 1015 683 ι
1036 642 1127 695 quasa

165 698 245 752 ment
257 713 267 750 :
282 698 374 754 Vestri
387 712 491 766 regom
504 698 555 767 filii
563 736 574 765 ,
588 699 714 755 lacerno
725 708 793 754 sunt
803 717 815 765 ,-
826 715 907 754 mens
916 700 1124 769 ‚panpncato

164 768 445 895 uldnf,›scintilloto
458 771 616 826 duntaxat.
639 773 682 828 lta
694 770 826 829 belrius.
851 773 896 828 lle
914 776 1045 834 Lucerna
1057 770 1124 829 dlxi

166 854 223 898 suo
248 854 328 908 oco,
351 847 405 904 §2-
1047 901 1051 906 ,
1079 872 1090 902 x

201 913 290 969 scm.
313 914 436 968 scientes
452 913 557 969 scietis.
575 916 638 971 tar.
654 924 722 971 xuu
741 931 773 984 ¹9
788 919 819 971 et
832 930 874 969 aa.
893 913 1035 972 Dilucide
1048 913 1129 987 pere

166 982 323 1058 spicietis,
343 986 465 1055 penitus
479 985 666 1056 intelligetis.
1082 1037 1086 1044 .

168 1076 170 1082 ’
203 1058 325 1113 scopo.
346 1059 537 1114 Exercitobar
547 1096 558 1127 ‚
576 1066 605 1116 et
622 1057 774 1130 'scopebam
792 1058 926 1131 spiritam
941 1072 1046 1114 meum.
1066 1061 1119 1115 Ps.

165 1138 263 1185 lxxvi
277 1148 302 1198 7.
319 1129 491 1196 Hebraico,
514 1139 547 1187 ut
566 1129 658 1187 hodie
678 1130 802 1201 quidem
815 1127 927 1199 legitur
940 1147 948 1187 ε
962 1138 1121 1189 scrutatus

164 1211 213 1255 est
224 1200 456 1270 spiritus'meus.
474 1201 605 1271 Sedjam
619 1209 825 1271 suotempore
835 1203 1042 1273 Hieronymus
1052 1201 1121 1273 poi-

163 1285 253 1327 mam
269 1285 434 1343 personam
457 1273 617 1343 praetulit:
639 1274 800 1330 scrutabar
819 1274 964 1344 spiritum
986 1286 1119 1343 meum,

164 1343 252 1413 epist.
277 1345 347 1411 155,
369 1358 437 1413 quae
454 1346 551 1401 estad
568 1344 694 1401 suniam
708 1353 739 1401 et
757 1345 911 1402 Fretelam
926 1364 945 1410 ;·
956 1337 1121 1402 illebreta-

163 1414 293 1483 phorom
312 1430 329 1470 a
352 1415 474 1472 sarculo
498 1415 610 1483 ducit,
638 1424 785 1487 tanquam
807 1417 833 1473 si
856 1419 897 1474 sit
914 1416 1119 1484 sarriebam3

163 1484 302 1557 plerique
312 1501 328 1542 a
339 1488 441 1554 scopis
452 1528 461 1553 ,
474 1493 623 1559 tanquam
632 1488 819 1554 verrebam3
833 1488 928 1559 aliqui
941 1489 1116 1555 ascobina‚
1220 1549 1222 1554 ,

163 1567 313 1628 tanquam
338 1558 540 1627 scopebam,
570 1559 756 1617 abradebam
778 1559 861 1616 lima.
887 1565 985 1616 seusu
1009 1573 1123 1617 omnes

163 1629 351 1686 conveniunt
365 1645 372 1685 :
386 1629 560 1702 inquirebat
574 1630 697 1692 animus
710 1644 798 1686 meus
813 1672 822 1699 ,
842 1632 1038 1690 excutiebam
1047 1631 1117 1704 ipse

163 1711 234 1769 me,
255 1701 432 1773 perspicere
445 1703 551 1759 intima
566 1717 636 1760 mea
649 1702 793 1760 conabar.

200 1774 332 1831 Scolon.
365 1777 447 1831 Deus
473 1791 564 1845 snper*
580 1775 685 1844 sociem
709 1774 808 1830 scribo
831 1775 956 1849 imponet
979 1778 1119 1832 bonorem

163 1859 257 1901 strom.
273 1845 364 1903 Eccli.
380 1848 436 1903 x5.
453 1860 545 1917 super
556 1847 723 1918 personam
733 1846 877 1905 docum.
894 1848 1116 1907 Honorabilem

163 1918 275 1974 alliciet
289 1919 458 1978 doctorem.

175 2001 180 2006 ·
200 1992 335 2048 scuruo.
357 1994 455 2048 lason
470 2005 616 2066 magnam
633 1991 751 2063 argenti
766 1990 829 2050 vim
848 1991 998 2070 pmmittlt
1010 1989 1117 2049 Antio-

164 2060 224 2119 cbo
237 2063 320 2131 regi,
341 2063 367 2118 si
381 2064 439 2120 sibi
452 2062 580 2132 liceret,
598 2073 710 2135 preter
722 2063 780 2121 alia
796 2065 958 2136 quaedam,
975 2079 1045 2132 eos,
1064 2064 1115 2137 qni

163 2134 194 2187 in
204 2136 389 2207 ierosolymis
404 2147 513 2205 nont,
534 2137 723 2193 Antiocheam
735 2135 870 2193 serione.
886 2139 911 2193 2.
927 2136 1025 2193 Hacb.
1041 2147 1075 2193 lv
1087 2155 1114 2205 9.

164 2206 291 2264 Petebat
304 2207 433 2266 liberam
451 2216 658 2279 potestatem,
676 2209 728 2279 ius
746 2207 878 2266 ciuitatis
895 2207 1113 2275 Antioebeuae,

164 2278 275 2347 quibus
293 2279 404 2347 veHet,
424 2280 653 2352 Hierosolymis
666 2278 840 2354 largiendi,
862 2280 911 2338 vei
930 2278 1030 2354 potius
1042 2294 1116 2337 ten·

163 2350 264 2406 dendi.
286 2351 358 2407 Erat
370 2351 537 2408 enimcum
548 2349 720 2410 'Antiochia
736 2364 799 2408 nou
815 2353 910 2424 Syriae
927 2351 1042 2418 modo,
1060 2351 1116 2406 sed

160 2421 295 2479 orientis
308 2431 400 2492 caput
412 2440 421 2481 ε
433 2435 492 2480 neo
504 2424 607 2479 minus
619 2419 730 2480 nobilis
743 2430 810 2478 erat
821 2424 854 2479 in
867 2423 960 2490 Asia,
972 2423 1026 2493 qui
1034 2422 1110 2480 civis

162 2492 371 2550 antiochenus
391 2503 491 2561 esset,
512 2507 604 2565 quam
622 2494 654 2550 in
671 2495 814 2563 Europa,
837 2495 891 2564 qui
907 2496 1074 2552 Hom-anus.

197 2566 234 2633 2)
251 2565 349 2621 scribi
362 2566 392 2620 in
408 2573 497 2621 terra.
522 2566 690 2622 secedentes
703 2582 722 2621 a
736 2575 784 2632 te,
804 2566 833 2619 in
846 2574 928 2621 terro
939 2563 1112 2624 scribentur.

155 2632 223 2691 ‘len
251 2647 320 2693 xvll
345 2638 385 2692 ιδ.
410 2635 538 2693 illorum
558 2650 674 2693 nomen
697 2639 850 2696 scribetur
865 2636 899 2693 in·
920 2636 1072 2706 pulvere,
1098 2654 1115 2694 a
1218 2651 1219 2680 l

162 2707 297 2777 quolibet
316 2718 408 2767 uento
429 2707 684 2777 obliterandum,
710 2717 742 2766 et
769 2724 811 2766 ertv
829 2707 992 2767 bominum
1014 2709 1114 2768 oeulis

81 2797 95 2810 ’
160 2780 373 2852 memoriaque
400 2779 581 2839 tollendum.
617 2781 745 2839 Leuitati
768 2781 841 2838 huic
870 2789 901 2836 et
928 2779 1116 2838 iutilissimte

160 2852 375 2913 inconstantiae
392 2854 519 2926 opponit
536 2854 654 2910 iontem
674 2852 785 2922 gloriae
797 2863 989 2925 perennem,
1011 2869 1112 2909 cenom
1217 2893 1218 2928 ᾖ

161 2926 467 2995 oqnoromoioentinm
477 2925 641 2983 morinum.
654 2926 762 2995 (ibid-l
775 2925 866 2998 quiet
877 2925 1114 2996 tersupmximo
1217 2941 1218 2944 ¹

144 2996 264 3066 ‘priore
282 2998 321 3054 ab
332 3012 371 3057 eo
383 2998 483 3057 dictam
501 3006 568 3056 erat
583 2999 693 3056 Solitm
704 2999 807 3068 glorio
822 2997 983 3054 altitudinis
996 3013 1019 3053 o
1028 2997 1113 3069 prin-

161 3069 252 3138 cipio,
266 3071 344 3136 iocos
353 3071 590 3144 sanctificationis
598 3080 707 3127 nostro
714 3089 726 3140 ,·
739 3072 868 3130 thmnus
880 3069 984 3139 gloriae
996 3077 1113 3125 nostroe
1135 3095 1151 3120 ··

161 3140 390 3201 sublimissimae
399 3151 430 3200 et
442 3143 568 3215 primae,
582 3157 693 3201 verum
703 3156 834 3212 regnum
843 3149 984 3199 nostrum
996 3159 1005 3207 ;
1021 3140 1112 3197 sedes

161 3212 277 3270 stabilis
300 3216 453 3273 universae
472 3225 588 3273 nostrae
603 3215 834 3281 sanctimonie,
859 3212 1025 3286 ipsumque
1040 3225 1114 3270 uos·

160 3292 244 3344 uum
256 3285 362 3344 vivum
374 3294 405 3344 et
417 3287 565 3345 intimum
575 3287 796 3346 sanctuarium.
1056 3317 1061 3328 ·

163 3353 168 3359 '
195 3357 233 3425 3)
258 3359 399 3416 Scribere
419 3358 512 3430 leges.
541 3360 616 3430 Quia
633 3358 835 3429 multiplicavit
853 3357 988 3429 Ephraim
1003 3356 1114 3412 nicorio

160 3428 200 3490 od
207 3432 384 3498 peccandum
396 3461 413 3474 ·
424 3461 440 3473 ·
452 3462 468 3473 -
479 3461 496 3473 -
505 3431 630 3487 scribam
640 3431 842 3502 einntttiplices
853 3429 1036 3500 tegesqneas,
1051 3439 1114 3499 qne

160 3500 237 3555 ceint
264 3503 365 3558 alieno
389 3513 562 3575 computato
581 3512 659 3559 sont.
687 3505 736 3559 (is.
761 3512 822 3558 vill
850 3514 948 3574 usq.
974 3498 1114 3560 scribam

160 3575 557 3640 contraeumsententiam,
575 3590 635 3646 qua
647 3575 890 3638 condemnetur,
910 3579 942 3628 et
953 3571 1114 3628 addicatur

138 3642 421 3713 ,omnibuspoenis
437 3646 470 3701 in
488 3645 556 3715 lege
573 3661 588 3703 a
606 3660 657 3704 me
673 3644 859 3702 denuntiatis
876 3683 884 3713 ,
908 3642 965 3710 sed
986 3642 1023 3701 alt
1043 3643 1113 3726 ipso
1215 3641 1216 3656 ¹

121 3707 276 3776 ‘·,irrisls‚
299 3716 387 3778 quasi
400 3716 438 3774 ad
451 3731 485 3774 sc
497 3731 559 3776 nou
570 3714 809 3782 pertinentibus.
