2475 4034
172 122 196 191 8
305 168 308 175 ,
485 204 488 211 .
520 115 762 191 Pn'arlrro.

168 239 301 305 mandes
321 239 359 297 ah
379 244 502 297 oratore
520 221 609 296 sacro
626 252 752 305 mores,
774 236 856 309 quod
874 245 950 296 esta
968 253 1020 297 me
1033 236 1121 311 speoss
1171 260 1173 264 ·

169 310 267 379 talum
280 309 373 382 praeci
396 326 436 366 ue
449 352 457 378 ‚
468 310 526 366 ista
541 309 880 381 singularepraesidium
892 310 1000 368 afferre
1011 314 1118 370 solent.
1151 350 1153 355 -

168 385 212 439 Ex
232 397 293 457 quo
305 391 336 440 et
348 382 358 437 i
371 452 372 455 Ἴ
384 382 425 439 ud
438 390 564 453 apparet
577 425 585 450 ,
605 396 707 453 ¹quam
723 382 855 437 multum
873 381 911 438 ah
930 384 1120 454 Amplissimi

168 453 295 529 Calmeii
311 453 504 518 Dietionario
517 453 634 510 B'ihlico
650 468 756 509 meum
773 453 833 510 hoo
850 454 983 510 Lexieon
1002 457 1121 514 discre-

167 534 219 596 pet
236 543 244 582 ε
268 525 320 582 ille
342 526 427 595 enim
449 525 672 582 ineruditione
692 524 839 582 historica
860 532 943 582 totus
964 534 1013 582 est
1034 544 1042 583 ε
1061 543 1120 596 ego

140 597 143 607 '
167 598 260 656 verba
275 606 312 664 *et
331 598 458 669 phrasin
481 606 590 654 sector.
622 597 775 654 stramen
795 597 863 653 haeo
884 597 951 667 ipsa
966 597 1044 655 lueis
1068 599 1120 655 ali·

168 667 242 747 quid
262 670 299 726 ah
324 669 454 726 historia
480 668 528 726 vel
554 668 739 738 geographia
766 667 863 723 veteri
888 682 1017 738 poscere
1038 671 1119 728 vide·

161 743 298 810 bantur,
311 740 470 799 occasioni
482 755 680 813 nequaquam
694 740 794 808 delui,
815 741 870 796 sod
886 755 1046 811 nunquam
1060 743 1120 799 im-

166 813 469 873 memorhrevitatis.
936 842 939 845 -
985 840 988 852 ι

202 888 236 951 ln
245 884 435 956 explicandis
452 877 629 941 nominihus
642 883 806 940 hominum
818 882 951 955 propriis
964 898 1034 941 eam
1041 884 1120 941 mihi

166 955 267 1026 legem
292 956 457 1023 constitui,
483 955 663 1012 utiliorum
692 956 837 1012 duntaxat
861 946 1129 1024 significationem·

166 1026 354 1100 exponerem
371 1072 379 1097 ‚
401 1042 556 1099 quaecum
573 1028 640 1098 ipsa
655 1028 832 1084 narratione
844 1027 1128 1084 connectebantur·

160 1098 217 1169 ¹¹Sic
233 1101 270 1156 de
285 1100 535 1171 patriarcharum
544 1098 742 1166 nominihus,
762 1114 830 1173 quaa
842 1106 942 1156 certas
956 1099 995 1155 oh
1008 1114 1120 1157 causas

164 1172 309 1243 imposita
322 1172 418 1230 luisse
431 1178 617 1237 narrantur,
637 1170 793 1227 reddenda
809 1170 867 1226 fuit
879 1170 1006 1239 originis
1020 1171 1118 1239 ratio,

164 1258 205 1301 ne
217 1244 315 1300 lector
328 1244 360 1301 in
374 1243 509 1300 tenebris
524 1242 761 1326 relinqueretur.
786 1242 947 1312 Reliquam
957 1242 1119 1300 nominum

164 1315 363 1386 propriorum
378 1316 501 1375 turham
519 1312 642 1370 silentio
660 1313 794 1380 involvi,
814 1312 1017 1384 paucissimis·
1031 1324 1120 1385 oom-

164 1388 363 1455 memoratis,
385 1401 452 1458 quae
472 1384 511 1443 oh
530 1385 720 1456 singularem
740 1386 907 1457 quamdam
921 1386 1075 1444 rationem
1086 1386 1120 1442 id

160 1460 282 1519 mereri
295 1458 361 1516 visa
380 1466 460 1516 sunt.
960 1496 962 1499 ψ
1087 1485 1089 1488 >

1220 180 1230 238 i

194 1591 538 1673 ·11ehraismos'²aliquoi
559 1601 805 1673 frequentiores,
823 1617 863 1659 ne
886 1600 1028 1674 plurimis
1041 1599 1125 1662 louis
1228 1596 1229 1613 *

159 1683 304 1745 repetere
323 1674 502 1746 singillatim
516 1689 594 1746 opus
612 1675 669 1741 sit,
691 1674 787 1730 semel
806 1674 857 1731 hie
877 1674 991 1731 iudico.
1023 1710 1046 1716 ι·
1090 1704 1092 1715 =

181 1749 225 1802 4-1,
250 1747 306 1804 Ubi
324 1763 382 1805 nos
398 1747 557 1818 epitheton
576 1761 632 1802 seu
651 1745 836 1816 adjectivum
849 1745 1046 1805 ¹substantivo
1065 1747 1121 1804 ad·

163 1815 337 1889 iungimus,
357 1819 479 1876 llehraei
492 1818 719 1874 substantivum
733 1817 891 1887 geminum
903 1832 1057 1888 usurpare
1068 1833 1122 1877 so·

163 1887 236 1962 lent.
266 1892 356 1964 Virga
379 1890 554 1946 directionis.
582 1892 631 1944 Ps.
659 1901 736 1946 nutv
758 1892 786 1958 7.'
807 1889 898 1958 virga
922 1890 1117 1959 rectissima,

163 1969 321 2044 seeptrum
335 1963 555 2034 aequissimum.
584 1963 633 2019 Vir
654 1961 840 2028 sanguinum.
868 1965 894 2016 2.
913 1965 986 2030 Reg.
1011 1972 1069 2029 nur
1091 1978 1124 2030 7.

162 2047 211 2091 vir
222 2033 381 2104 crudelis,
400 2032 624 2103 sanguinarius.
649 2034 736 2087 Latia
749 2033 883 2088 scientiar.
900 2034 998 2089 'Pron
1013 2042 1059 2090 xa
1074 2032 1125 2090 15.ss
1228 2020 1229 2043 ¹

162 2102 241 2163 labia
261 2102 350 2171 docta
372 2120 428 2162 seu
451 2104 614 2165 scientiam
639 2105 835 2175 proferentia.
862 2105 965 2161 Mulier
986 2103 1115 2161 virtutis.

162 2176 243 2233 nuth
256 2186 295 2235 nt
312 2197 352 2234 11.
365 2177 479 2234 mulier
490 2177 594 2242 virtuti
609 2176 719 2232 dedita.
737 2177 786 2232 Vir
800 2176 942 2231 doiorum.
959 2179 999 2232 ls.
1014 2184 1076 2231 ull
1087 2177 1114 2232 ὅ.

161 2246 319 2308 doloribus
342 2250 481 2307 obrutus.
509 2245 610 2303 Ttarr'is
630 2247 821 2318 fortitudinis.
845 2250 894 2303 Ps.
913 2258 955 2303 ux
978 2249 1005 2312 li.
1023 2247 1118 2304 turris

160 2319 359 2378 validissima.
388 2326 478 2376 llorno
489 2319 656 2390 porismaae.
681 2321 731 2375 Ps.
746 2331 788 2375 xl.
803 2337 845 2374 ιο.
871 2319 990 2375 amicus
1007 2330 1116 2386 meus,

162 2390 330 2449 familiaris.
345 2393 432 2447 Panis
446 2391 617 2463 impietatis,
633 2399 663 2447 et
674 2391 774 2445 vinum
786 2391 957 2465 iniquitatis.
977 2393 1067 2446 Prov.
1082 2401 1120 2448 tv

165 2479 207 2531 ¹7·
221 2464 321 2520 victus
334 2463 428 2533 impie
440 2471 637 2534 comparatus
649 2504 657 2530 ‚
671 2462 777 2533 inique
789 2471 906 2534 partus.
930 2465 1006 2519 Vasa
1014 2462 1118 2588 qiorioe

161 2534 245 2607 ajam
263 2534 412 2591 nimirum
424 2535 541 2605 templi.
566 2536 581 2592 1
596 2535 695 2591 Maeh.
711 2545 775 2604 119.
791 2536 926 2606 pretiosa
938 2534 1046 2605 tempi
1064 2545 1122 2590 su·v

161 2605 270 2681 pellex.
292 2608 429 2662 Dominus
441 2623 510 2680 pars
523 2607 698 2663 haereditatis
711 2620 789 2664 mea.
811 2609 859 2664 Ps.
873 2619 917 2664 xv
930 2608 955 2662 5.
974 2622 1047 2677 pars
1061 2620 1119 2663 seu

161 2676 261 2750 portio
273 2693 342 2736 mea
356 2678 548 2736 haereditaria
558 2721 566 2746 ,
575 2679 738 2735 haereditas
751 2694 840 2745 mea;
853 2694 917 2735 non
931 2679 1021 2750 quasi
1033 2679 1116 2734 hona

161 2758 272 2876 praeter
290 2753 390 2807 Deum
404 2751 462 2808 alia
477 2759 579 2821 speret
596 2759 648 2808 aut
657 2750 775 2820 cupiat,
788 2751 871 2822 quod
886 2749 1118 2822 suspicariior-

168 2822 253 2898 'assis
274 2838 312 2878 ex
329 2822 424 2880 latino
441 2838 548 2895 posses
570 2838 577 2880 ε
598 2823 653 2880 sed
671 2823 767 2880 solam
779 2831 938 2893 totamque
950 2822 1117 2891 haeredita-

163 2900 228 2950 tem
237 2896 336 2950 Deum
352 2904 518 2966 exspectat.
536 2895 603 2962 Sic,
617 2894 672 2951 uhi
686 2910 742 2951 nos
754 2893 887 2963 legimus
899 2937 907 2962 ‚
919 2909 1037 2964 gemma
1045 2909 1117 2965 gra·

162 2965 291 3035 tissima,
306 2968 396 3024 Prov.
410 2979 480 3025 xvii
494 2967 529 3033 8,
547 2967 674 3022 insonte
686 2965 832 3023 hebr'aioo
847 2974 896 3022 est
912 2967 984 3037 lapis
998 2966 1113 3037 pratia

195 3040 232 3095 11.
248 3038 369 3094 Hebraei
385 3054 459 3097 cum
477 3038 662 3096 vocabulum
685 3039 863 3107 geminant,
885 3039 950 3095 sive
971 3039 1117 3095 substan,

159 3108 257 3169 tivum
270 3109 302 3167 id
315 3110 373 3180 sit,
388 3111 453 3169 sive
470 3111 621 3178 verbum3
636 3109 681 3166 rei
694 3110 958 3180 magnitudinem,
973 3111 1115 3180 copiam,¹

160 3182 388 3240 vehementiam
413 3198 469 3255 per
489 3182 550 3239 hoo
570 3181 752 3253 significant.
776 3183 827 3239 Sic
849 3189 984 3239 nostros
997 3186 1128 3238 acervos
1228 3208 1229 3219 r

159 3254 317 3325 plurimos,
340 3258 366 3311 2.
382 3256 450 3312 Par.
471 3265 550 3311 xxxt
561 3255 579 3306 6
591 3273 599 3321 ;
617 3262 648 3310 et
660 3254 723 3309 atta
734 3254 918 3326 profunditas
929 3294 938 3322 ,
949 3253 1051 3311 Eccle.
1067 3264 1115 3310 vlt

162 3325 217 3394 2⁵3
235 3326 377 3383 hebraica
394 3327 525 3383 reddunt
542 3341 599 3397 per
618 3341 735 3382 aceruos
754 3342 873 3383 aceruos
891 3333 923 3383 et
933 3326 1116 3396 profundum

159 3397 344 3466 protundum.
366 3398 416 3456 sie
431 3399 545 3455 vanitas
563 3398 746 3465 vanitatum,
767 3398 927 3464 maxima,
950 3412 1039 3455 mera
1059 3411 1115 3455 va·

161 3466 260 3549 uitas3
279 3471 424 3526 canticum
437 3471 637 3537 canticorum,
657 3474 766 3539 poema
780 3469 1031 3537 nobilissimum,
1047 3482 1114 3525 om·

162 3548 248 3593 nrum
261 3542 558 3609 praestantissimum.
583 3542 664 3597 Sistit
679 3552 859 3612 unguentum
874 3543 1024 3615 incapite,
1037 3540 1116 3612 qatad

163 3606 306 3679 deseendit
316 3611 473 3677 iniuriam
487 3614 606 3681 buriam
613 3616 722 3668 Aaron.
737 3615 786 3668 Ps.
802 3623 963 3670 cxxxll‘a.
974 3622 1114 3682 unguen*

163 3685 230 3736 tum
249 3676 414 3755 liberaliter
431 3684 564 3745 effusum
584 3685 617 3742 in
635 3683 763 3742 daronis
783 3685 1113 3757 caputputintotam
