2475 4034
169 138 237 232 372
326 112 329 117 ’
504 133 652 200 Samen.
701 130 791 199 Sint.

165 267 238 312 nem
253 260 364 316 snam;
384 246 515 319 proinde
533 261 642 304 necea
656 252 799 309 vescetur
813 261 822 310 ;
847 253 876 300 et
888 244 1143 321 substantialio-

165 324 250 380 rnt'ru's
262 323 319 378 erit
336 321 404 376 anri
418 322 553 394 pretinm,
567 323 656 376 Prot.
672 330 720 375 xit
735 335 779 386 ²7·
793 316 1017 375 Fraudulentns
1030 321 1155 393 etiam⁸

165 411 204 453 ex
222 396 285 460 iis,
312 408 381 465 quae
394 394 515 449 videtur
528 401 657 457 tenere,
677 390 801 446 lucrum
818 401 881 445 non
899 390 1050 461 percipiet
1071 411 1080 451 ε
1101 403 1142 452 at

165 467 225 525 viri
238 466 360 523 honesti
373 465 533 522 facultates
548 503 559 529 ‚
581 461 859 545 quantulaecunque
877 461 960 545 sint,
981 464 1142 532 pretiosae

165 547 239 596 sunt
251 547 359 595 contra
371 551 496 603 aurum,
512 549 628 591 summi
635 543 665 589 at
672 542 837 589 certissimi
845 541 934 601 pretn
945 542 1017 589 sunt
1027 555 1036 593 ι
1048 551 1139 606 prae·

165 612 247 669 sidio
256 610 340 666 enim
350 608 469 665 coelesti
479 614 692 679 proteguntur.
708 607 796 661 lianc
809 604 1050 674 explicationem
1061 617 1138 679 prae

165 683 286 740 caeteris
297 681 374 736 mihi
384 679 551 750 persuadet
563 677 723 733 antithesis
736 676 817 732 inter
828 677 965 747 primum
978 677 1146 749 alterum<

165 770 228 827 qne
248 753 410 809 sententiae
429 750 630 817 membrum,
650 763 719 820 quta
735 749 767 804 in
787 747 968 806 Proverbiis·
982 749 1134 811 Saloma-

165 827 246 885 nicis
267 825 377 880 usitata
395 833 451 880 est
1007 845 1010 849 ·

201 898 236 966 b)
251 900 316 953 l’ro
334 910 418 963 aava,
440 910 496 952 sen
507 902 604 952 aetate
628 892 797 951 Substantia
809 907 874 948 mea
888 899 1030 966 tanquam
1048 896 1131 960 nini-

166 971 309 1024 inmorata
323 976 359 1023 te.
377 970 425 1024 Ps.
446 978 573 1023 xxxviii
585 968 612 1021 6.
629 968 765 1035 Tempus
779 966 848 1022 vitae
860 979 937 1021 meae
955 974 1020 1022 tam
1031 967 1133 1038 fugax

166 1049 198 1098 et
216 1042 308 1097 breve
320 1047 389 1107 est,
410 1046 445 1096 nt
457 1052 563 1096 coram
574 1044 604 1093 te
619 1079 630 1105 „
648 1039 754 1104 Deus,
773 1037 871 1093 instar
887 1036 1035 1094 nihilisit.

202 1116 237 1182 lt)
261 1116 320 1170 Pro
331 1127 405 1182 spe,
421 1127 477 1168 sen
489 1109 726 1180 exspectatione.
743 1108 908 1167 substantia
925 1126 990 1175 ntea
1005 1111 1088 1181 apud
1098 1119 1130 1168 te

168 1195 220 1241 est.
237 1188 285 1241 Ps.
308 1195 436 1241 xxxviii
451 1185 477 1239 8.
494 1183 581 1250 Quod
593 1181 774 1253 praestolor,
797 1181 942 1238 bivinum
955 1189 1011 1239 est
1030 1183 1129 1250 Quid-

167 1258 244 1329 quid
256 1264 423 1325 exspecto,
447 1271 463 1311 a
481 1257 546 1313 Deo
563 1261 595 1309 et
611 1253 642 1308 in
656 1255 720 1310 Dea
736 1252 803 1316 sola
815 1261 969 1322 exspecta.

203 1331 242 1395 5)
263 1328 434 1383 Substantia
451 1327 541 1397 inopis
561 1327 715 1380 secandam
734 1341 785 1382 ear
797 1327 868 1396 ejas.
893 1326 985 1382 Eccli.
996 1336 1126 1384 xxxvtlt

168 1417 211 1455 aa.
227 1403 261 1453 ln
275 1413 376 1466 graeco
392 1399 475 1455 fonte
484 1412 542 1467 pro
553 1398 719 1473 substantia
732 1399 862 1454 babetur
876 1397 946 1454 vita.
962 1398 1056 1465 Quale
1068 1398 1125 1456 ho·

165 1471 260 1528 minis
278 1469 385 1526 miseri
402 1483 482 1535 cor,
501 1469 570 1525 talis
582 1469 644 1525 vita
660 1477 726 1536 est;
746 1470 772 1526 si
784 1469 910 1536 laetum,
928 1476 959 1526 et
971 1477 1053 1526 sorte
1067 1485 1123 1528 sna

167 1550 347 1601 contentum
366 1559 374 1606 ;
395 1541 421 1597 si
439 1542 549 1607 triste,
569 1553 755 1598 aerumnosa.

201 1615 236 1682 6)
261 1617 325 1671 Νοι]
343 1620 390 1669 est
406 1612 584 1668 substantia.
604 1612 715 1681 inians
738 1628 803 1669 sant
822 1613 852 1669 in
872 1613 941 1679 lima
956 1613 1122 1684 profundi,
1211 1682 1212 1685 Ἴ

168 1696 197 1743 et
218 1701 277 1742 non
298 1695 340 1741 est
362 1684 554 1751 substantia,
578 1685 619 1739 ita
647 1690 761 1741 utnon
783 1684 901 1756 possim
922 1686 1122 1743 consistere:

166 1760 231 1817 oeni
243 1760 271 1814 in
284 1759 467 1815 altitudinem
479 1757 586 1824 maris,
600 1766 629 1812 et
642 1758 794 1827 tempestas
807 1757 999 1813 demersione
1014 1774 1025 1811 :
1047 1765 1123 1815 tem-¹

166 1839 269 1905 pastas
283 1831 315 1887 in
329 1831 424 1887 altum
442 1845 493 1886 me
511 1829 626 1899 ejecit,
647 1836 678 1884 et
689 1830 851 1899 oppressit.
873 1830 922 1886 Ps.
940 1840 1045 1885 txvttt
1057 1830 1084 1886 ὅ.

158 1962 161 1969 ,
205 1906 343 1959 sannen.
368 1903 499 1958 siriaeba
519 1905 617 1958 subter
639 1915 697 1958 aas.
722 1905 815 1958 Amos
835 1912 861 1958 ιι
884 1903 925 1958 15.
944 1901 1123 1970 intervos,

167 1977 300 2032 interra
323 1983 425 2031 vestra
451 1990 459 2031 ε
483 1981 517 2030 ut
535 1974 629 2032 modo
653 1973 800 2030 admonui
822 1975 894 2030 vac.
920 1973 1043 2030 Striaea.
1071 1974 1122 2033 Sic

168 2057 200 2104 ct
212 2047 286 2102 Abd.
303 2060 330 2103 v.
348 2067 363 2115 7
383 2063 390 2102 τ
413 2051 523 2101 Ponant
535 2047 653 2105 insidias
669 2048 768 2101 subter
780 2055 825 2112 te,·
836 2045 856 2101 i.
873 2061 899 2101 e.
915 2045 948 2101 in
962 2053 1046 2101 tarra
1058 2052 1122 2102 tua.

203 2121 403 2176 substoletis·
426 2123 488 2189 liga
500 2120 577 2178 enim
588 2119 696 2187 didici,
714 2118 857 2190 inanibus
869 2133 934 2173 snm
947 2157 956 2183 ,
974 2117 1123 2187 sufficiens
1211 2146 1212 2189 j

168 2190 335 2269 essexPhil.
359 2201 394 2248 tv
415 2209 454 2245 ιι.
474 2193 642 2248 Contentus
660 2205 733 2247 esse
749 2203 821 2247 meo
838 2197 919 2246 stata
933 2188 1035 2246 didici.
1211 2192 1212 2199 ’

205 2267 469 2321 Sufutnrottwtt.
488 2264 597 2333 Defecit
612 2263 813 2333 sufflatorium.
833 2262 895 2317 Jer.
914 2272 949 2319 vt
965 2277 1010 2331 ²9·
1030 2261 1124 2319 Belo·

168 2343 280 2462 gerunt
293 2334 390 2391 folles.
409 2338 520 2392 Totam
537 2334 771 2394 similitudinem
784 2332 896 2404 collegi
913 2332 946 2389 in
958 2335 1031 2391 voc.
1050 2337 1123 2391 Pra-

188 2417 264 2463 etor.
1213 2422 1214 2471 ;

204 2482 442 2536 sarrusontuai.
469 2480 631 2550 Sallasaria
649 2497 686 2536 en
705 2495 780 2538 aare
796 2522 805 2548 ,
824 2479 914 2545 zach.
933 2489 967 2536 ιιι
986 2495 1041 2545 12,
1067 2493 1124 2538 seu
1213 2480 1214 2535 l

168 2558 203 2607 nt
219 2566 246 2606 v.
263 2566 277 2601 a
296 2549 506 2619 appellantur,
525 2552 688 2622 infusoria,
702 2562 774 2609 sunt
785 2552 990 2609 instrumenta
1004 2565 1123 2622 aurea,
1213 2592 1214 2605 ,

170 2636 227 2694 per
245 2635 313 2691 qnae
332 2619 435 2676 oleum
454 2622 487 2676 in
504 2622 647 2680 lucernas
664 2633 756 2680 meat.

205 2696 334 2750 sanctis.
357 2694 530 2765 confringet
546 2696 600 2752 sibi
620 2696 713 2752 sulcos
734 2697 831 2753 Jacob.
855 2698 904 2754 Os.
927 2708 946 2752 ιι
971 2714 1012 2755 ιι.
1032 2699 1122 2752 Jacob

168 2766 369 2823 nominantur
381 2765 423 2833 ii,
442 2767 495 2838 qui
507 2781 545 2823 ex
557 2767 695 2840 reliquiis
715 2769 823 2827 decem
842 2769 999 2835 tribuum,
1018 2767 1122 2824 hartn-

135 2836 138 2853 '
169 2849 236 2896 tare
249 2838 377 2896 Ezechia
394 2853 483 2907 rege,
501 2839 613 2897 vitulos
628 2840 837 2913 reliquerunt,
851 2849 882 2897 et
894 2841 932 2897 ad
946 2855 1017 2897 vera
1031 2854 1120 2896 sacra

169 2913 305 2968 Massica
318 2912 455 2978 reversi,
479 2910 513 2967 in
534 2927 608 2982 agro
630 2913 770 2971 ecelesiae
782 2913 889 2984 jugum
907 2912 1030 2969 Domini
1042 2910 1121 2968 tule-
1213 2944 1214 2981 3

169 2990 250 3039 rant.
264 2981 372 3041 sulcos
386 2984 547 3052 frangere,
562 2993 610 3042 est
623 3001 710 3043 arare
726 3000 807 3057 iqua
823 2983 1021 3041 similitudine
1028 2982 1121 3040 atiani
1213 2994 1214 3065 l

170 3054 321 3124 evangelii
333 3055 466 3112 asseclas
480 3056 618 3115 Christus
633 3059 699 3129 ipse
713 3057 863 3128 expressit
876 3059 948 3113 Luc.
968 3067 1001 3113 tx
1013 3053 1067 3113 ult
1213 3074 1214 3117 l

207 3129 282 3183 Sunt.
297 3130 417 3197 Jasepn,
435 3128 485 3199 qai
502 3130 560 3198 snit
581 3131 642 3185 Heli
653 3170 664 3197 ‚
684 3131 732 3202 qni
753 3130 810 3200 fait
835 3131 965 3195 Matltat,
989 3127 1119 3200 anison
1213 3126 1214 3181 ἲ

169 3200 234 3255 beai
246 3241 254 3266 ,
276 3202 370 3269 (Luc.
386 3210 424 3256 ιιι
438 3201 472 3252 25
485 3213 550 3272 sqq.
562 3202 571 3269 l
593 3209 683 3273 atque
695 3203 737 3258 ita
750 3216 805 3272 per
817 3200 971 3271 majorum
981 3198 1118 3256 omnium

171 3271 284 3327 seriem
297 3271 474 3329 ascenditur
486 3288 585 3344 usqne
598 3274 638 3330 ad
647 3273 819 3335 Adamum,
840 3274 890 3345 aar·
901 3274 958 3344 snit
970 3272 1028 3328 Dei.
1044 3270 1117 3327 lbid.

170 3357 198 3399 v.
213 3343 286 3410 ult.)
308 3344 414 3399 Latina
427 3346 652 3401 consuetudine
664 3344 820 3402 diceretur
834 3361 842 3400 :
859 3345 1054 3415 losepherat
1068 3357 1115 3413 ge·
1213 3410 1214 3419 χ

170 3415 253 3469 nitus
267 3423 353 3483 patre
366 3414 454 3482 Heli,
474 3416 543 3473 Heli
562 3416 713 3486 Mathato,
727 3417 890 3476 ,Malliatus
910 3415 982 3474 Levi
1002 3432 1010 3472 ι
1030 3423 1115 3472 etate·

170 3486 275 3554 risque
288 3488 496 3554 enumeratis3
520 3489 675 3554 Adamas,
695 3487 811 3546 nullius
826 3489 927 3556 lilius,
947 3487 1004 3544 Dei
1026 3485 1114 3545 solius
1213 3496 1214 3525 ι

170 3568 247 3621 opus
261 3556 326 3610 fuit.
344 3559 415 3612 lam
431 3558 507 3613 olim
525 3573 649 3614 summo
669 3560 769 3617 studio
788 3561 952 3631 quesitum
974 3566 1041 3626 est,
1060 3573 1116 3629 qna
1213 3560 1214 3603 i

171 3626 287 3679 ratione
300 3628 459 3683 Matthaeus
480 3637 510 3683 et
530 3632 627 3686 Lucas
646 3629 727 3685 inter
747 3645 781 3687 se
798 3630 960 3688 conciliari
980 3629 1114 3700 possint,
1213 3664 1214 3723 l

169 3691 243 3745 dum
262 3694 402 3762 ejusdem
418 3698 543 3769 toseplti
563 3700 774 3771 genealogiam
795 3709 953 3772 texentes,
974 3700 1116 3770 diversis·
1213 3734 1214 3785 p
