2475 4034
355 36 567 107 Drsrmcuo.
617 41 761 137 Drvtno.
968 23 1031 132 its

82 157 111 217 i.
125 157 197 227 veo
213 162 249 212 tv
265 170 288 207 t.
312 152 481 211 iinervatus
497 163 561 222 est,
582 155 678 214 robur
697 156 818 228 amisit,
836 151 954 219 'fractus
969 149 1032 221 est.

83 232 170 294 Sion,
190 242 248 283 aaa
262 225 458 281 dissobrautur
469 242 574 282 martas
592 236 665 299 tuce,
677 230 770 300 soph.
786 242 826 287 ιιι
840 235 882 288 16.
897 233 963 291 Noli
976 234 1036 294 dit.

83 302 197 365 fidere,
227 296 291 355 noli
316 299 420 356 animo
441 300 647 357 consternari.
677 302 854 374 Eodemque
879 319 973 362 seusu
997 306 1035 364 de

84 372 177 431 corde
187 377 220 426 et
231 364 369 439 genibus.
390 370 589 427 Dissoloeruat
600 383 652 429 cor
663 374 767 444 populi.
780 378 844 433 ios.
860 387 916 434 xiv
930 377 955 429 8.
978 381 1036 433 Cor

86 446 246 507 tabescens,
261 451 293 512 ct
305 442 455 504 dissolutio
467 444 688 513 geniculorum,
706 455 735 501 et
744 446 868 517 desectio
881 449 911 502 ia
924 450 1035 505 cunctis

84 515 207 647 {caifas
234 513 316 638 Nalm
332 523 358 569 ιι
375 532 424 588 ιο,
444 517 544 573 Manus
570 515 691 591 debiles,
717 526 745 572 et
764 535 864 592 genua
884 521 1033 580 dissoluta.

109 594 178 646 cci.
200 597 265 641 xxv
319 623 327 640 .
876 607 879 612 ·
945 599 948 612 ²
1043 626 1046 629 .

118 662 311 719 litsvnvnvo.
332 656 453 715 iiebraei
465 656 659 718 irritaverunt
672 675 755 736 eum,
770 663 878 732 Deum,
896 663 1035 740 adaquas

38 737 45 764 ²
86 729 320 794 contradictionis
338 746 350 784 .-·
368 739 396 785 ct
414 741 538 788 uexatus
559 742 602 788 est
622 736 729 817 Moyses
743 744 863 807 propter
882 751 945 805 eos,
965 736 1036 808 quia

88 804 335 862 exacerbaverant
346 801 481 873 spiritam
493 805 581 874 ejus-.-
599 813 627 860 ct
640 805 772 878 distinxit
810 806 969 877 hebraice,
989 816 1036 875 te·

87 873 385 944 meretocutosest,
405 874 535 943 elim-iit,
549 875 777 933 inconsiderate
802 881 984 946 ocutusestJ
1006 880 1035 935 in

89 948 167 1004 labiis
180 947 248 1001 suis.
266 949 316 1002 Ps.
332 956 374 1003 cv
386 945 419 999 δε
434 962 479 1018 sq.
494 950 615 1020 Moyses
629 962 666 1010 eo
678 947 769 1016 loco,
789 948 842 1010 ubi
855 952 920 1005 Deo
932 958 963 1006 et
973 951 1035 1026 ipsi

12 1031 13 1048 ι
69 1045 79 1086 ·,
127 1017 217 1074 ‘ulus
231 1018 435 1086 contradixit,
454 1027 581 1077 vexatus
600 1027 666 1085 est,
688 1034 745 1076 seu
763 1020 796 1086 ia
816 1020 987 1077 maximum
1006 1030 1038 1078 et

68 1031 153 1168 ffb
165 1089 315 1174 damnum
332 1089 464 1174 incurrit
486 1105 499 1175 t·
516 1106 609 1158 nam,
627 1091 811 1149 exacerbato
832 1105 889 1163 per
909 1098 1038 1150 suorum

88 1163 315 1222 contumaciam
337 1174 521 1230 an1m0,1m
545 1164 639 1221 verba
664 1162 715 1221 illa
735 1164 896 1233 prorupit,
924 1164 1036 1234 quibus

87 1233 381 1304 odenstsiiominus
392 1234 486 1290 etiam
495 1235 555 1306 ipsi
565 1235 720 1301 aditumin
730 1235 1038 1305 terrampromissam

12 1323 13 1332 ¹
82 1291 268 1370 interclusit.
283 1305 412 1375 'Alioqui
424 1314 542 1376 petram
556 1307 659 1378 jussus
677 1306 896 1380 (loqbiotiniod
905 1316 1036 1378 petram,

88 1380 175 1435 Num.
197 1388 240 1434 xx
260 1377 296 1445 Β)
318 1376 460 1434 discessit
473 1379 510 1435 ab
526 1378 587 1435 hoc
603 1379 751 1450 imperio,
774 1394 876 1451 neque
894 1386 1036 1458 petram,

87 1451 146 1508 sed
156 1447 305 1521 populum
317 1449 543 1507 inconsiderate
554 1451 679 1518 aliatus,
689 1452 763 1508 dixit
774 1452 1036 1519 :Auditerebelleu

88 1529 146 1579 etc.
160 1521 276 1578 ibidem
293 1535 321 1577 v.
335 1539 382 1586 po.
403 1523 610 1594 interpretes,
631 1525 684 1595 qui
697 1525 827 1582 verbum
846 1523 978 1588 distiterit
999 1522 1038 1583 a'd

88 1596 190 1654 neum
212 1600 352 1661 traxere,
375 1603 539 1663 negantem
563 1595 663 1666 Moysi
686 1595 846 1658 introitum
868 1595 1038 1659 interram

91 1673 229 1728 sanctam
243 1682 252 1731 ;
272 1664 424 1733 viderint,
443 1679 505 1736 quo
516 1675 609 1737 pacto
620 1667 742 1724 veritati
753 1666 906 1724 hebraicos
920 1665 1039 1721 satista-

89 1735 192 1798 ciont:
206 1743 246 1792 an
255 1736 340 1809 euim
349 1741 466 1794 temere
474 1740 555 1793 Deus
564 1738 827 1795 etinoou‘siderate
837 1736 958 1794 loeutus
971 1737 1038 1792 esti

114 1810 235 1865 'Divus
259 1810 352 1865 Pater
369 1808 498 1865 nivinus
511 1809 588 1866 Filio
602 1823 660 1869 suo
677 1812 754 1865 lusu
766 1808 908 1874 christo,
930 1805 1038 1865 salutis

12 1935 14 1944 ,
89 1879 237 1940 humanae
259 1894 354 1937 causa
379 1888 528 1949 mortuo,
557 1881 636 1937 dabit
660 1882 760 1952 impios
786 1895 840 1951 pro
867 1880 1037 1951 sepultura,

91 1961 119 2010 et
136 1952 252 2008 diuitem
266 1968 319 2022 pra
335 1962 431 2007 morte
445 1969 508 2008 seta.
529 1956 568 2009 is.
584 1964 644 2007 ιιιι
658 1973 683 2021 9.
705 1952 866 2021 Eleganter
879 1953 914 2007 l).
930 1952 1041 2008 Hiero-

81 2035 203 2096 ‘tlymus
222 2022 333 2094 impios
349 2024 570 2094 interpretatur
587 2024 716 2095 populos
735 2024 893 2092 gentium3
915 2023 1040 2080 divitem

76 2093 271 2154 :hebraicam
283 2104 406 2168 gentem
419 2136 428 2162 ,
451 2094 528 2165 lepis
541 2105 571 2152 et
583 2096 671 2165 regni
682 2095 880 2166 possessione
893 2094 1040 2167 antiquis·

87 2167 171 2228 sima
184 2165 371 2236 opulentam.
401 2169 551 2239 lltrosoue
570 2168 691 2224 Christo
707 2181 765 2248 pro
777 2172 877 2233 morte
892 2173 923 2222 et
937 2163 1041 2234 sepui-

89 2243 161 2296 tura
179 2254 234 2300 sus
250 2242 344 2295 Pater
362 2238 510 2307 donavit,
529 2248 561 2297 et
580 2239 783 2309 possidendos
802 2237 892 2293 dedit.
920 2235 1044 2309 signiti-
1123 2262 1126 2268 ·
1225 2285 1228 2294 ,

88 2318 200 2369 canter
217 2310 361 2370 hebraice
380 2328 389 2369 s
408 2311 492 2368 dabit
508 2310 618 2381 impios
642 2310 818 2384 sepulcrum
837 2308 927 2379 eius,
946 2314 982 2373 et
995 2306 1043 2371 di·

90 2384 188 2441 vitem
203 2396 260 2454 pro
277 2391 378 2441 morte
395 2383 471 2455 ejus.
492 2386 528 2439 in
544 2383 656 2441 Christi
675 2382 824 2468 sepulcro
835 2381 976 2452 impietas
991 2393 1042 2436 se-

90 2454 248 2527 pelietur,
270 2463 323 2524 et,
350 2455 402 2528 qui
423 2457 546 2512 inerant
563 2456 676 2527 impii,
703 2469 766 2526 Jam
788 2453 884 2523 gratia
905 2450 1043 2524 opulenti

90 2533 258 2595 resurgent
279 2543 290 2584 c
309 2535 384 2599 x(pro
412 2528 516 2584 nulius
547 2543 615 2586 esse
642 2534 743 2599 potest
767 2540 784 2581 e
806 2525 918 2592 christi
942 2530 1043 2581 morte
1091 2545 1101 2550 ·

91 2600 214 2658 fructus
233 2598 416 2667 gloriosior,
438 2599 523 2656 nulla
535 2600 668 2659 vindicta
684 2601 749 2655 lieo
764 2597 896 2655 Homine
911 2595 1043 2665 dignion

127 2673 344 2743 Divm0.‹ipse
361 2672 545 2742 (infernus,
568 2673 588 2727 i.
608 2687 636 2729 ει
655 2669 819 2736 tumulus)
843 2671 920 2724 iuter
931 2670 1044 2741 fratres

90 2742 208 2802 diuidet.
222 2745 284 2800 Ι(ιε.
312 2755 374 2800 xlii
396 2744 595 2800 uitimtres
620 2759 638 2799 a
661 2742 807 2798 iratribus
832 2740 962 2806 avellit,
991 2739 1045 2794 ho·

91 2815 200 2875 mines
215 2825 323 2880 omnes
341 2816 448 2874 dividit
465 2823 496 2872 et
511 2815 623 2886 abripit
640 2827 734 2871 mors.
762 2815 876 2869 Totum
892 2811 979 2876 hunc
997 2809 1045 2866 lo-

12 2911 13 2914 *
95 2900 170 2943 cum
184 2886 254 2943 vide
269 2887 302 2943 in
318 2889 391 2945 Vo'c.
412 2892 531 2958 Morsus.
750 2956 751 2959 Ἴ
979 2951 985 2966 .

93 2997 99 3005 -
128 2958 283 3026 utuinisi
302 2960 338 3017 ab
357 2960 412 3017 ira.
439 2958 715 3016 Coruamioaueruut
734 2961 941 3017 testamentum
958 2961 1045 3024 epus.-

93 3020 180 3087 divisi·
191 3040 260 3087 suut
275 3032 312 3086 ab
324 3032 371 3088 ira
382 3032 480 3088 vitltus
492 3032 553 3101 ejus
568 3046 579 3084 .·
596 3039 624 3086 et
640 3026 878 3104 appropinquavit
894 3041 946 3082 cor
958 3025 1043 3102 illius.

89 3096 145 3158 Ps.
168 3113 224 3161 niv
249 3120 280 3156 ει
304 3118 349 3175 sq.
373 3104 451 3161 Mira
471 3103 523 3161 hie
534 3102 737 3172 interpretum
752 3098 903 3155 dissensio
922 3101 1048 3221 propter

63 3183 66 3192 ’
92 3163 159 3231 loci
171 3175 413 3242 obscuritatem,
433 3184 649 3245 etgraeoorum
661 3170 855 3233 voluminum
875 3167 912 3251 ιιι
935 3165 1047 3222 tebras·

12 3257 13 3270 ¹
93 3245 170 3313 cis,
201 3248 534 3319 atquehebraicorum
559 3247 652 3318 inter⁴
663 3260 698 3301 se
721 3244 970 3324 discrepantiam.
1001 3235 1048 3291 nd

93 3315 176 3374 duos
188 3326 292 3375 tamen
311 3334 420 3377 sensus
434 3333 580 3376 revocare
595 3326 704 3388 partes
714 3328 826 3371 ouiites
843 3312 924 3395 iicet.
949 3309 975 3365 1.
991 3305 1050 3375 Qui

92 3396 318 3461 testamentum
340 3392 404 3449 sive
425 3391 526 3459 legem
545 3390 601 3445 Dei
622 3387 754 3458 peccatis
774 3386 1046 3463 contaminarunt,

96 3474 254 3532 suumque
276 3471 401 3532 pactum
427 3476 463 3518 ac
487 3461 580 3517 sidem
604 3460 716 3516 datam,
730 3456 911 3520 violarunt,
943 3451 981 3509 ab
1002 3465 1048 3533 rra

95 3532 202 3592 vultus
221 3533 324 3591 nivini
341 3533 473 3604 dispersi
492 3547 527 3589 ac
547 3531 686 3600 dissipati
705 3538 796 3596 sunt:
818 3541 871 3584 cor
890 3524 1049 3607 enimtitcr,
1101 3544 1106 3552 ·

96 3604 379 3676 appropinquavit,
402 3614 436 3662 ut
454 3619 508 3661 eos
526 3603 656 3669 visitet,
681 3599 892 3672 supplicioque
914 3595 1051 3668 addicat’
