2475 4034
407 59 558 128 Coorro.
608 61 776 131 Cocnreo.
1024 90 1072 160 99

114 184 208 248 bont,
231 192 267 238 ac
286 179 359 235 aem
371 178 478 249 totam
491 185 581 248 egeat
597 178 666 246 tili,
686 179 762 235 dum
776 193 871 239 causa
885 190 976 240 eruut
987 180 1072 241 insti-

113 253 220 312 tuendi
234 266 251 309 a
263 259 316 307 tuo
326 249 442 323 populo
455 250 516 306 diei
526 250 617 320 iesti,
641 262 703 324 quo
716 260 818 321 grates
838 254 950 311 debite
961 254 1072 315 iibera-

113 325 174 384 tori
189 322 393 393 omnipotenti
403 329 543 395 aganturs
631 373 637 384 .

85 428 89 436 ,
106 446 109 453 .
147 398 292 455 Coelae.
314 395 640 467 comprehensibilitatis
654 394 779 452 consiliis
788 436 800 465 ‚
813 397 1070 470 quibuscogitant.

113 474 165 529 Pa.
185 468 285 525 1125.
305 466 429 534 idest,
451 480 524 540 qua.
548 466 781 536 liellenismus,
803 482 898 540 quem
919 470 1074 542 interpres

105 549 223 599 -nostcr
240 553 258 596 e
277 538 556 609 graecoexpretsit.
580 542 616 595 D.
642 540 883 612 Hieronymus:
912 542 1074 613 capiantur

108 614 151 672 irs
166 610 358 679 sceleribus,
385 624 453 680 quae
471 610 695 680 cogitaverunt.

151 686 336 742 coenaria.
358 682 639 759 promiseramus
652 700 659 740 :
670 684 975 756 multiplicatosoaea
985 686 1076 744 aava

74 791 78 797 ·
111 757 193 814 serui
208 756 264 811 mei
278 795 289 823 ‚
310 764 338 811 ct
357 755 469 811 Leoltos
482 756 633 811 ministros
648 772 735 811 meos.
754 756 816 813 ier.
833 767 940 814 xxxin
952 776 994 813 ae.
1018 756 1075 816 ite·

114 827 279 902 prehendit
296 840 372 896 ergo
391 827 569 887 incredulos
583 869 592 894 ,
610 836 642 883 et
659 827 732 885 huic
745 829 858 889 Divino
871 829 1001 888 oraculo
1015 826 1075 887 dii-

116 900 268 967 idemus,
298 901 351 971 qui
365 898 529 956 dicebant:
547 900 611 955 date
629 900 816 968 cognationes
831 943 840 968 ,
857 917 930 974 qttos
945 903 1075 971 elegerat
1170 948 1176 961 .

111 973 254 1029 dommus
267 1011 278 1038 ,
300 974 418 1041 (genus
432 973 553 1041 regium
565 970 691 1031 navidis
702 1013 711 1039 ,
724 979 757 1029 et
770 972 960 1030 sacerdotale
975 978 1076 1033 Aaro-

109 1045 183 1110 nisl
205 1044 414 1115 abjectissent.
429 1043 501 1099 ibid.
517 1057 544 1100 r.
562 1044 606 1108 ei.
626 1050 631 1060 “
734 1076 737 1083 «

113 1156 116 1162 ·
151 1116 389 1185 demolitione.
408 1115 475 1171 vid.
497 1116 529 1171 in
542 1118 616 1172 voc.
634 1117 829 1172 Communieo.

151 1188 355 1244 condensae.
382 1187 408 1242 i.
425 1186 504 1261 Petjr.
524 1196 552 1243 rr
571 1204 614 1242 so.
635 1189 778 1244 Grucnm
798 1204 805 1245 :
829 1186 923 1259 capiti
935 1196 1075 1262 pugnum

113 1259 263 1328 impingo·
289 1260 494 1330 metaphorice
512 1259 627 1316 Paulus
649 1275 657 1315 :
680 1261 904 1332 Nemognltaslo
917 1260 1077 1317 revelatio-

113 1347 190 1393 nata
202 1331 324 1389 eatodat
336 1344 400 1396 tae,
424 1331 511 1387 datas
524 1341 567 1386 est
578 1330 648 1386 taila'
660 1332 795 1387 stimulas
808 1335 1006 1401 coraismeoe,
1020 1349 1078 1389 aa·

114 1404 200 1473 gelas
212 1413 342 1477 satane,
357 1403 640 1475 qulnwcolophizet.
656 1404 683 1459 i.
697 1406 764 1461 Cor.
781 1416 868 1474 x117.
884 1406 1076 1476 Theophilus

116 1477 306 1551 Ragnaudus
321 1475 486 1537 asceticam
501 1474 625 1531 illorum
645 1477 790 1544 pietatem
807 1478 933 1546 irridet,
952 1477 1022 1550 qui,
1044 1485 1077 1534 ut

115 1546 199 1604 salse
211 1546 363 1616 loquitur,
376 1547 562 1619 perizomata
570 1546 670 1603 ‘Patrio
677 1561 829 1605 consuere
841 1551 994 1619 aggressi,
1009 1547 1076 1606 hec

112 1619 186 1689 ejus
199 1618 294 1674 verba
308 1618 347 1674 ati
363 1618 581 1679 vehementem
600 1619 708 1691 capitis
727 1619 867 1676 dolorem
890 1635 964 1676 sane
983 1634 1077 1689 quam

116 1689 271 1749 violenter
302 1691 507 1747 detorserunt.
541 1692 708 1747 Poteratne
741 1690 856 1759 Paulus
888 1691 1074 1758 dilucidius,

139 1776 212 1819 aaut
232 1776 306 1818 eum
323 1762 474 1818 stimulam
486 1762 584 1821 corais
597 1762 814 1821 dlxiii·¹l'anta
836 1763 932 1818 animi
956 1761 1078 1818 fortitu·

150 1848 191 1890 ue
210 1846 246 1890 ae
264 1834 479 1902 magnitudine
500 1833 548 1890 vir
569 1830 709 1891 dolorem
731 1833 840 1903 eapitis
859 1840 925 1889 tam
940 1832 1077 1895 sollicite

114 1907 210 1963 toties
223 1907 441 1976 deprecaretur
456 1908 470 1960 l
483 1913 529 1961 ter
540 1905 695 1960 Dmalnam
707 1906 813 1976 rogavi
819 1920 831 1973 ,-
848 1904 881 1960 id
899 1911 966 1971 est,
985 1920 1074 1976 saepe.

118 1977 196 2037 ibid..
208 1994 236 2035 r.
254 1980 278 2032 8.
301 1978 464 2046 ingeniose
485 1985 589 2035 atatem
602 1984 633 2032 et
645 1976 820 2033 verecunde
831 1975 1078 2046 apostolushaec

114 2047 258 2106 libidinis
271 2049 463 2106 irritamenta
477 2048 627 2118 colaphos
639 2063 654 2103 a
659 2047 821 2117 ppellavit',
836 2048 889 2118 qui
902 2049 1078 2106 detrimenti

117 2120 216 2249 niihss’
232 2121 347 2178 doloris
360 2135 423 2177 non
436 2132 567 2192 parum,
590 2118 717 2191 pudoris
735 2128 808 2176 vero
825 2119 997 2190 plurimum
1020 2121 1078 2177 sibi

118 2200 135 2248 a
160 2201 275 2249 errent.
697 2194 701 2205 '

156 2266 343 2323 contuere,
364 2267 435 2323 Pro*
473 2261 578 2320 mbola
591 2261 747 2333 plurium,
767 2276 824 2320 seu
837 2258 983 2321 collatitio
996 2276 1081 2333 tere,

120 2350 185 2408 quo
205 2351 303 2393 sensu
326 2336 359 2391 in
382 2339 445 2394 Pau
460 2337 519 2395 inis
539 2334 676 2406 epistolis
698 2333 832 2405 legitur,
853 2334 1009 2392 latinitatis
1032 2344 1080 2393 est

118 2412 245 2474 auree,
266 2417 296 2464 et
315 2408 353 2464 ab
371 2409 440 2478 ipso
452 2408 556 2464 Tullio
568 2410 761 2481 usurpatum.
784 2408 819 2465 ln
837 2406 955 2465 Veteris
976 2414 1086 2464 auteur

118 2480 325 2537 instrumenti
338 2479 426 2541 libris
436 2479 555 2550 quoties
568 2480 699 2537 collecta
709 2481 904 2549 nominatur,
920 2479 1001 2552 quod
1012 2480 1079 2538 uni·

118 2554 210 2609 verse
228 2553 261 2607 ht
278 2559 404 2621 quater,
425 2562 585 2623 nunquam
605 2551 748 2609 collectio
764 2553 924 2623 pecuniae,
948 2552 1004 2608 sed
1024 2566 1078 2623 po·

118 2625 185 2695 puli
197 2624 397 2703 congregatio
408 2639 462 2679 seu
482 2632 580 2695 coetus
593 2623 647 2679 ille
659 2623 867 2692 significatur,
885 2623 982 2695 quiin
994 2624 1078 2681 diem

35 2700 39 2707 '
119 2695 259 2752 solennis
271 2696 341 2753 iusti
360 2694 505 2751 ultimum
518 2695 675 2751 incidebat
697 2698 705 2750 ὲ
725 2696 838 2767 ubique
862 2696 947 2753 enim
968 2695 1001 2751 in
1020 2696 1078 2751 he·

117 2764 227 2824 braico
240 2780 300 2824 vox
314 2767 492 2835 adhibetur,
512 2782 579 2838 quae
592 2767 663 2823 festi
675 2766 848 2824 clausulam
860 2767 985 2824 indicat.
1006 2769 1076 2823 lev.

120 2849 206 2897 xxiii
216 2841 260 2893 56.
273 2838 361 2894 Dent.
375 2840 465 2895 xsvld.
482 2840 508 2895 i.
524 2838 614 2899 verb.
631 2839 758 2896 Dictum
774 2839 875 2908 (nohis
886 2842 913 2895 i.
931 2837 1077 2910 Paralipl

121 2921 170 2968 νη
183 2931 209 2981 p.
235 2910 391 2967 nehemia
411 2911 518 2985 (nobis
532 2913 558 2966 i.
574 2910 660 2968 Esdr.
677 2913 686 2978 l
702 2920 765 2968 vur
781 2913 821 2967 18.

156 2983 360 3040 duciacum.
380 2987 441 3038 Noa
454 2983 612 3039 deserentes
623 2983 817 3039 collectionem
829 2989 972 3037 nostram.
985 2976 1076 3036 liehr.

120 3066 144 3112 a
158 3056 201 3110 2⁵.
222 3053 322 3111 ltlolite
335 3056 479 3115 deserere
493 3055 674 3115 societatem
687 3062 834 3112 nostram.

123 3152 126 3157 ·
157 3127 318 3184 Gobhlut).
343 3126 489 3198 colligata
501 3134 545 3182 est
556 3127 695 3201 iniquitas
708 3125 862 3196 Ephialta,
881 3121 1082 3178 absconditam

121 3207 274 3273 macutum
285 3199 358 3269 ejtss.
379 3196 430 3254 ils.
446 3208 508 3254 nur
525 3216 566 3254 is.
590 3198 701 3270 Populi
715 3194 877 3253 israelitici
891 3193 1001 3253 delicta
1016 3202 1082 3252 om·

121 3270 174 3326 nia
195 3269 278 3327 velut
299 3271 418 3329 inacta
440 3270 580 3340 iudiciali
602 3268 828 3328 consuetudine
858 3265 955 3323 relata
982 3272 1080 3323 sunt:

121 3340 191 3399 haec
207 3350 292 3410 acta,
313 3342 347 3399 in
358 3355 457 3401 unum
470 3342 656 3400 fasciculum
670 3340 816 3406 collecta,
840 3337 947 3408 judicii
960 3343 1084 3408 tempus

123 3422 177 3469 ext
200 3421 311 3471 ectant.
324 3413 478 3470 illustravi
489 3414 671 3474 huneOseae
682 3412 835 3471 locumex
842 3411 929 3466 Deul.
945 3419 1037 3467 xxxu
1047 3408 1083 3475 iti

122 3482 156 3539 in
195 3498 242 3542 oc.
260 3486 460 3542 Abscoadltas.

160 3558 198 3623 il
216 3556 369 3627 colligare
380 3556 516 3615 vulnera.
541 3560 600 3613 Pro
612 3557 768 3612 animulas
786 3556 914 3626 filioram
933 3554 1082 3623 colligabit

125 3628 246 3687 uulnera
260 3644 334 3698 sata,
353 3637 381 3684 et
398 3643 483 3700 sttprer
501 3644 616 3687 attinent
631 3643 730 3684 uocem
753 3629 952 3751 tttrbubutgtur
972 3628 1083 3683 viscera
