2475 4034
202 109 294 203 'riii
368 91 389 100 Ἀ
454 112 711 212 Πιιιιιιιιιᾎ,
729 118 914 186 Garoias.

204 252 224 294 e
240 233 342 293 ruinis
355 231 419 292 suis
438 229 540 292 denuo
556 231 776 301 assurrexerit,
795 231 909 293 horum
921 227 1055 294 servitus
1074 236 1162 309 apud

205 306 346 379 Assyrios
359 317 518 378 uunquam
530 305 728 365 relaxabitur.
751 344 753 347 -
829 368 837 390 .

240 380 432 435 (impurus.
455 379 555 435 Locus
575 375 761 443 tribunalis,
784 372 840 432 ubi
859 372 1000 434 Christus
1022 391 1040 434 a
1059 373 1160 441 Pilato

204 449 299 507 morti
310 448 449 506 addictus
467 461 477 506 s
495 447 546 520 qai
557 446 666 504 dicitu
687 447 891 516 iliustratus,
909 447 1042 505 remulce
1059 457 1160 505 omen

205 521 361 590 relictis.
372 521 481 577 loono.
497 528 554 576 ιιι
569 519 610 575 ιδ.
624 519 771 586 marcise,
785 518 807 586 i,
821 533 849 576 e.
866 531 1011 577 sermone
1020 518 1160 577 liebraeis

205 600 272 648 tum
283 591 410 658 usitato,
422 589 476 661 qui
484 597 554 661 post
565 589 779 660 captivitatem
788 588 1009 662 Babylonicum
1019 591 1159 663 syriacus

205 662 272 720 luit
299 660 363 718 litei
384 661 469 719 anim
489 662 641 719 Gabiasio
658 662 698 719 nd
724 661 862 720 radicem
883 661 1062 720 hebraicam
1080 665 1161 732 garo

205 733 345 792 revocari
366 732 646 806 quomodocunque
665 740 792 804 posset,
820 747 858 790 ao
876 728 943 790 ‹lici›
955 748 994 790 ex
1011 732 1159 792 hebraico

206 804 289 862 toute
310 803 465 877 syriacum
488 818 544 862 seu
563 805 682 877 syuace
704 804 929 871 ωιιιιιιιιιιιιιι,
955 813 991 861 ut
1008 804 1161 874 significet

206 876 301 932 locam
321 877 466 933 eseeisam
481 892 494 931 .·
511 877 616 934 verius
631 884 737 937 tamen
758 882 831 946 est,
855 880 890 933 ut
912 875 1009 946 ipsius
1024 889 1157 946 evanga-

203 946 284 1008 ilstae
298 946 509 1020 interpretatio
529 960 631 1034 greca
651 947 808 1014 ostendit,
829 944 905 1006 oriri
923 961 942 1004 a
957 947 1079 1020 syriaco
1098 950 1159 1019 gai

207 1018 702 1095 seugca‚quotisigu1licatoiom
713 1019 852 1092 lapidibus
861 1030 992 1078 sternere
1009 1017 1082 1076 :cui
1093 1018 1160 1076 ele-

207 1098 314 1162 ganter
327 1091 493 1163 respondet
526 1090 1155 1162 recumtietostroros,taptaisassrraraos

153 1186 159 1195 ·
206 1162 409 1223 nanneticae
424 1106 615 1221 tenacitatem
641 1177 650 1220 τ
673 1163 776 1236 qualia
788 1163 964 1241 pavimenta
975 1163 1016 1221 ‚iu
1031 1159 1159 1246 templis

206 1233 424 1294 munitoribus.
439 1233 560 1292 Gradus
573 1235 762 1302 marmorei,
778 1236 890 1307 quibus
902 1232 1011 1292 adhoc
1022 1232 1161 1290 minuat
1180 1278 1187 1289 .

207 1305 450 1370 ascendebatur,
470 1317 556 1363 nunc
570 1303 668 1363 scalae
683 1308 933 1366 Sanctaetnomen
950 1304 1109 1372 obtinent,
1126 1311 1162 1362 et

205 1377 313 1433 llomae
329 1374 414 1445 luxta
427 1378 667 1435 lateranensem
679 1378 780 1436 aedem
790 1377 908 1450 ingenti
919 1377 1069 1448 religione
1080 1374 1161 1434 litie-

204 1444 245 1503 lis
258 1444 364 1516 popuii
376 1445 532 1505 coluntur.

242 1518 321 1574 (iau.
344 1515 583 1587 zelpha-ancilla
596 1531 652 1575 sua
665 1518 766 1577 edente
778 1518 889 1591 pilium
901 1520 976 1576 diets
988 1520 1042 1577 Lia
1056 1534 1065 1576 a
1082 1517 1160 1575 Feli·

207 1588 279 1644 citer
297 1605 308 1642 .·
325 1588 471 1645 etidcirco
489 1589 600 1645 uocauit
612 1604 717 1645 nomen
734 1591 796 1660 ejtrs
813 1592 883 1646 God.
903 1595 971 1647 Gerr.
986 1603 1053 1647 xxx
1068 1607 1101 1644 ιο
1112 1603 1159 1661 sq.

209 1661 273 1716 aad
284 1658 420 1717 uebraeis
429 1666 498 1731 est,
517 1660 599 1731 quod
610 1660 699 1717 nobis
711 1661 843 1718 fortuua.
1110 1696 1111 1701 κ

245 1734 388 1790 (inuasit.
403 1730 650 1800 perallegoriam
659 1733 793 1789 ltoecdicit
802 1732 938 1788 Durium
947 1732 1163 1804 superductum

208 1804 401 1876 registoria:
425 1804 536 1859 Galaesi
555 1812 587 1858 tu
598 1804 668 1859 milti
679 1812 767 1877 capnt
778 1804 877 1860 1λὺαηὶ
895 1820 906 1858 .·
923 1804 949 1859 si
960 1819 1018 1858 nort
1034 1817 1164 1874 posuero

211 1885 240 1932 te
260 1876 465 1942 solitudinem,
493 1877 575 1930 urbes
592 1876 800 1932 introiitoiiies.
821 1878 883 1932 ier.
910 1886 981 1932 ιιιι
996 1876 1023 1929 6.
1045 1872 1165 1932 Galaesi

213 1955 261 2004 ast
273 1945 467 2007 nobilissima
482 1954 513 2003 et
530 1947 722 2005 feracissima
741 1961 812 2020 pars
831 1947 944 2004 montis
957 1945 1081 2012 Libonis
1099 1945 1164 2004 hoc

206 2017 285 2076 ioco
295 2058 304 2085 ‚
315 2017 562 2091 Hierosolymam
575 2017 725 2075 indicans.
746 2020 846 2076 sinon
857 2018 987 2088 jurantis
999 2060 1008 2087 ,
1021 2024 1056 2074 ut
1067 2030 1159 2089 saepe.

208 2090 312 2147 verax
322 2102 385 2149 uon
395 2089 497 2157 dicar,
511 2088 572 2148 nisi
585 2091 713 2147 domum
722 2097 754 2148 ct
765 2091 874 2149 urbem
887 2090 1005 2159 regiam
1017 2088 1161 2149 inlocum

209 2161 367 2220 desertum
378 2169 560 2230 mutavero,
583 2161 626 2218 ita
637 2169 674 2219 ut
690 2161 801 2220 similis
818 2161 870 2219 ssat
886 2158 1013 2219 urbibus
1032 2160 1159 2230 dirutis,

209 2247 279 2306 quae
290 2231 423 2292 habitari
435 2247 497 2291 uon
515 2240 655 2303 possunt

246 2306 282 2374 i)
301 2303 555 2363 Galaadidolum.
576 2304 628 2361 tis.
643 2313 691 2361 ιιι
704 2321 745 2363 ιι.
765 2306 865 2363 Locus
877 2304 1048 2371 obscurus,
1069 2301 1160 2361 illua-

209 2383 308 2433 tratus
320 2375 354 2433 iu
367 2378 442 2435 lloc.
456 2377 592 2432 Acerras.

246 2447 403 2503 (imaum
418 2445 513 2503 iudas
526 2445 719 2504 machabeus
732 2445 860 2521 eiusme
873 2446 950 2505 socii
961 2446 1000 2503 ‹le
1011 2444 1157 2507 Romania

209 2516 332 2574 narrari
346 2516 474 2574 audiunt
484 2516 605 2575 virtuter
619 2517 707 2574 ionas
715 2557 727 2586 ‚
744 2534 816 2591 quos
829 2520 959 2589 tremant
974 2517 1004 2571 in
1019 2516 1157 2584 Galatia,

209 2601 261 2645 res
273 2584 317 2642 ihi
329 2594 454 2644 strenue
466 2595 585 2656 gestas,
599 2588 667 2660 pata
680 2591 865 2649 attinuerunt
877 2606 933 2647 eos.
949 2589 974 2644 l.
988 2587 1085 2643 Manu.
1097 2597 1162 2647 vut

210 2675 236 2715 a.
251 2656 428 2716 Galatarum
438 2659 563 2716 nomine
576 2659 741 2730 scriptores
754 2661 852 2718 Graeci
864 2669 895 2717 et
906 2659 1007 2718 Gallos
1019 2699 1028 2725 ‚
1041 2665 1073 2714 at
1087 2658 1163 2715 (ial-

209 2729 358 2800 lograecos
367 2728 549 2799 intelligunt.
564 2732 609 2786 lie
623 2732 760 2803 utrisque
769 2735 836 2789 haee
846 2732 951 2788 andire
961 2729 1156 2788 Machabaeus

210 2800 337 2873 potuit:
358 2813 433 2859 uam
454 2801 493 2857 de
516 2800 610 2859 (taliis
631 2802 664 2859 iu
687 2802 756 2872 ipso
778 2803 959 2873 magistratu
982 2801 1160 2874 trimphavit

211 2877 243 2931 L.
267 2872 378 2930 Furius
399 2881 530 2945 pretor,
548 2880 626 2932 teste
647 2874 732 2932 Livio
750 2874 772 2932 l.
793 2876 837 2931 δι.
858 2884 889 2930 et
906 2872 1157 2941 Gallograeciam,

211 2945 295 3074 guod
313 2945 468 3016 suppetias
489 2944 608 3003 tulisset
626 2946 774 3004 Antiocho
791 2948 902 3013 stagno
914 2945 1031 3001 laelium
1049 2952 1157 3001 contra

238 3030 366 3074 omnuos
376 3016 509 3086 gerenti,
523 3017 654 3075 eoricto
666 3018 828 3074 debellavit
839 3019 894 3073 cn.
909 3014 1159 3084 Manliusvnlso,

210 3097 378 3160 posteaque
391 3088 430 3145 de
439 3087 491 3145 iila
504 3089 696 3159 triumphum
708 3090 777 3158 egit
793 3088 856 3145 Lis.
872 3087 892 3144 l.
909 3088 944 3140 58
956 3095 987 3143 et
998 3087 1042 3155 59.
1056 3087 1158 3157 Longe

211 3168 316 3218 tamen
328 3159 459 3216 similius
472 3168 625 3227 tamesi,
641 3160 679 3215 de
688 3160 882 3230 Gallograecis
893 3159 960 3216 haec
971 3157 1091 3214 narrari
1105 3173 1113 3215 z
1126 3157 1158 3215 hi

211 3231 298 3359 goiim
310 3239 342 3290 et
351 3228 440 3304 loeo,
460 3238 492 3288 et
505 3239 645 3304 tempore
656 3232 816 3304 propiores
829 3230 927 3291 multo
940 3237 1045 3299 erant,
1066 3242 1165 3304 quam,

238 3319 255 3359 a
278 3318 299 3358 1.

247 3375 408 3431 Gustata
432 3374 568 3446 Dicitque
588 3375 727 3433 nominas
747 3377 787 3432 cd
802 3380 889 3435 Josse
912 3386 924 3431 .·
946 3374 1034 3432 lindio
1054 3371 1160 3431 abaci

213 3444 317 3513 (hebr.
333 3443 471 3512 devolvi)
486 3447 671 3516 opprobriam
686 3449 804 3521 AEgypti
821 3464 841 3504 a
852 3448 939 3504 vobis.
966 3449 1077 3504 Vocare
1126 3458 1160 3511 ue

211 3524 255 3571 est
266 3529 369 3571 noman
384 3517 439 3572 loci
456 3517 532 3572 iltius
547 3518 671 3588 Gctgata
679 3535 692 3586 ,·
713 3535 730 3576 a
747 3518 957 3585 devolvendo,
979 3516 1107 3574 auferar
1129 3528 1156 3571 o.

212 3586 275 3666 ios.
289 3597 310 3641 v
323 3604 349 3655 9·
371 3588 469 3714 suffr?
481 3600 607 3671 omnem
622 3588 750 3646 modum
767 3589 809 3645 ibi
824 3580 1085 3672 deindeyi‘guisse
1099 3585 1159 3670 cri·

213 3664 314 3722 mma,
331 3663 363 3714 et
375 3671 408 3718 rc
431 3670 530 3729 rioms
540 3659 732 3723 sanctitatem
743 3658 911 3732 petulantia
924 3656 1075 3727 singulari
1091 3668 1160 3714 rao-
