2475 4034
378 50 620 123 Bmsenanm.
671 55 801 123 Bonos.
904 138 909 145 ,
1018 55 1066 150 73

108 180 140 229 et
150 180 239 256 erant
249 170 344 229 urbes
356 177 437 255 tutor
450 170 583 245 oppida,
603 171 698 256 pagi,¹
716 172 802 257 quasi
813 186 872 230 non
883 170 961 243 sint,
979 174 1066 235 ottilo

109 253 248 316 pristinae
271 242 416 303 ubertatis
437 253 602 313 apparente
623 252 764 312 vestigio.
945 276 949 281 ·

145 317 180 383 2)
197 316 305 373 Bibere
318 313 609 383 subsannationem,
624 316 829 386 iniquitatem.
842 315 932 373 Eliud
945 315 1065 380 calam-

108 387 211 444 niator
237 386 275 443 de
293 386 459 443 innocente
482 386 587 443 bobo:
610 388 679 444 bibit
702 390 959 462 subsannationem
981 392 1065 463 qnasi

107 472 227 531 apuam.
251 459 318 516 iob.
349 469 450 516 xxxiv
468 478 494 527 7·
520 458 629 516 irridet
646 459 766 529 libere,
787 460 942 530 fidenter,
963 462 1061 520 auide.

107 530 219 588 verius
233 530 299 600 ipso
311 529 407 588 bobus
424 545 432 588 t
450 531 559 587 inntitis
575 533 681 598 bento,
706 531 839 604 quibibit
857 533 942 605 qnasi
955 549 1064 606 aquarn

108 602 301 674 iniquitatem.
327 603 395 659 iob.
422 614 473 661 xv.
485 605 525 659 16.
547 604 600 675 qui
618 603 751 676 plurima
773 604 806 661 in
825 619 860 662 so
882 604 997 665 delicta
1012 606 1066 665 atl-
1128 622 1138 639 t

108 675 222 742 mittit,
241 674 296 746 qni
308 674 444 747 quotidie
455 684 575 746 peccat.
1063 683 1066 689 '

145 745 179 815 b)
195 747 304 805 Bibere
318 787 327 813 ‚
351 747 389 803 de
401 747 549 805 arumnis
564 754 596 804 et
609 746 777 819 suppliciis.
801 752 873 804 Ecce
887 749 990 822 quibas
1003 764 1063 808 non

108 828 175 877 erat
191 820 337 890 judicium
362 827 394 875 ιιι
423 819 550 875 biberent
573 821 715 881 calicem,
744 821 870 877 bibentes
886 821 1011 879 bibent:
1032 833 1063 881 et

108 899 145 947 cu
161 892 246 964 quasi
263 892 399 947 innocens
411 891 607 963 relinqueris?
626 908 685 947 non
702 891 759 947 eris
772 892 934 962 innocens,
960 895 1010 951 sed
1022 896 1064 951 bt·
1158 908 1162 915 ’

109 964 177 1021 bons
191 965 276 1021 bibes
299 965 362 1019 der.
383 974 461 1021 ιιιιιι
482 981 521 1019 ie.
544 968 633 1020 'inne
652 964 826 1021 innocentis
845 965 944 1022 instar
959 966 1064 1037 impu·
1093 1022 1101 1037 ,

108 1035 237 1093 nitatem
257 1050 386 1106 speras,
410 1049 429 1091 a
445 1036 608 1093 idumeae
632 1050 706 1093 ecee
718 1036 840 1097 Hebraei
854 1076 862 1104 ,
887 1037 921 1094 in
933 1039 1064 1108 captivi·

108 1115 204 1167 tatem
220 1108 345 1174 traditi,
365 1106 497 1165 calicem
515 1108 631 1165 furoris
648 1109 772 1166 bomini
798 1109 923 1176 bibent,
949 1111 1003 1180 qni
1019 1118 1064 1166 ta-

107 1190 204 1247 men,
227 1181 254 1237 si
271 1188 492 1250 comparentur
509 1179 586 1248 tibi,
608 1179 709 1237 multo
724 1181 830 1237 minus
849 1179 882 1236 id
899 1181 1066 1239 mereban-

107 1259 179 1309 tur:
201 1252 345 1322 equidem
360 1260 394 1307 tu
408 1251 554 1309 eumdem
567 1261 675 1322 potum
694 1252 801 1322 bibes,
822 1261 855 1309 et
868 1252 982 1310 ebibes.

143 1327 368 1381 Enitsrnnttttn.
396 1329 483 1383 Pater
500 1334 566 1380 tutta
579 1326 690 1395 princes
708 1326 859 1395 peccavit,
878 1335 907 1380 et
919 1327 1064 1398 interpre-
1091 1336 1093 1339 ’

108 1405 150 1456 tes
171 1398 215 1453 ιιιιΙ
229 1398 418 1469 maeoticam
435 1405 504 1453 sanc
522 1399 553 1452 in
571 1415 624 1455 ine.
653 1402 690 1453 iit
710 1397 909 1455 contaminavi
922 1398 1065 1469 principes

56 1512 62 1527 .
106 1479 249 1538 sanctos,
272 1470 337 1525 dedi
354 1471 395 1524 ati
411 1471 634 1527 internecionem
651 1471 762 1537 Jacob,
786 1479 815 1526 et
833 1471 925 1527 israel
942 1472 973 1526 in
990 1471 1065 1529 bns·

105 1543 259 1614 phemiam.
285 1541 461 1611 (citaiduice
474 1551 504 1598 et
521 1558 620 1612 graece
633 1542 827 1613 opprobrium.
843 1546 851 1610 i
867 1545 907 1598 Is.
922 1554 1004 1599 xtttt
1018 1558 1062 1612 ιι.

1 1675 13 1689 M
104 1612 152 1685 sq.
170 1617 261 1670 Pater
273 1623 320 1670 est
331 1613 427 1671 Adam
439 1633 448 1682 a
462 1615 648 1685 interpretes
662 1657 670 1682 ‚
687 1619 811 1687 moyses
823 1624 855 1671 ot
867 1617 968 1672 Aaron
981 1655 990 1679 ,
1003 1614 1065 1672 viri

105 1686 298 1756 caeteroquin
319 1688 440 1743 suncti.
467 1688 522 1745 sed
539 1686 578 1744 ob
595 1688 663 1744 levo
680 1694 867 1757 peccatum,
887 1686 920 1742 in
942 1686 1025 1757 quod
1048 1699 1066 1744 a

106 1758 263 1829 pervicaci
283 1757 396 1831 populo
410 1758 536 1827 impulsi
551 1768 662 1825 erant,
688 1775 704 1816 a
724 1761 789 1815 Deo
803 1757 918 1828 repulsi
937 1773 952 1814 a
973 1765 1065 1815 terrie

105 1832 270 1902 promisse
287 1830 422 1888 introitu.
451 1831 586 1903 Populus
604 1840 711 1891 autern
731 1831 919 1896 universus,
939 1830 1066 1898 dempto

106 1901 208 1960 solum
220 1906 316 1959 iosue
328 1902 482 1960 etcalebo
496 1942 504 1971 ‚
516 1905 556 1961 ,in
575 1903 705 1963 desertis
721 1901 933 1961 variomortis
948 1914 1065 1970 genere

103 1975 288 2043 confectus,
311 1974 477 2036 immortali
502 1991 559 2033 suo
577 1976 692 2046 probro
708 1974 747 2029 ad
762 1986 872 2031 onmes
892 1972 1010 2030 vicinos
1032 1980 1066 2031 et

148 2055 247 2104 steros
260 2088 269 2112 ‚
284 2048 512 2105 contumaciam
527 2048 593 2118 ejus
604 2055 638 2113 et
647 2045 810 2116 perfidiam
824 2045 937 2104 merito
953 2058 1064 2116 repre·

127 2128 289 2175 enmros'
485 2148 487 2157 ι
573 2134 578 2141 ·

92 2254 97 2263 ,
141 2194 350 2263 mannans.
371 2195 438 2249 liae
451 2205 565 2249 nomen
579 2189 728 2260 imposuit
747 2187 898 2247 nominos
917 2188 1059 2246 zebedei

104 2262 200 2331 ntus,
223 2264 337 2319 iacebo
350 2274 380 2319 et
393 2265 524 2330 ioanni,
545 2266 640 2323 Maro.
660 2274 699 2317 ιιι
718 2281 757 2330 ¹7·
778 2265 962 2329 maneres,
982 2260 1059 2332 qetoc

104 2344 174 2402 est,
195 2334 247 2405 ptis·
263 2336 396 2392 tonitrui.
421 2340 486 2394 Non
503 2343 550 2393 est
569 2336 774 2401 hebraicum,
805 2332 861 2389 sed
876 2332 1058 2403 syriacum,

104 2416 139 2465 nt
157 2406 216 2463 alia
233 2448 243 2475 ‚
265 2423 333 2478 nutu
346 2409 377 2463 in
394 2408 568 2477 evangeliis
585 2410 619 2464 et
633 2405 853 2477 Apostolorum
872 2405 955 2462 Actis
972 2418 1062 2474 pere·

102 2479 192 2549 guina
216 2495 233 2537 a
257 2481 345 2555 timuis
367 2481 519 2550 leguntur.
550 2486 717 2549 berne-rges.
743 2479 816 2534 bane
839 2477 959 2605 syriace
981 2475 1060 2545 biii,

103 2556 188 2623 reges
206 2552 380 2619 tonantius,
401 2556 525 2610 tonitru.
547 2555 659 2612 Littera
677 2568 697 2608 o
718 2566 774 2620 per
790 2549 854 2620 indi
866 2550 1013 2620 igentium
1025 2548 1065 2605 li-

102 2622 280 2681 brariorum
294 2624 436 2693 irrepsit:
456 2622 546 2691 itam,
562 2634 595 2681 nt
608 2632 692 2681 reato
704 2624 821 2681 notavit
833 2623 981 2680 caninius
992 2621 1011 2677 1.
1025 2622 1064 2681 de

102 2696 195 2753 boeti
217 2699 246 2752 S.
269 2698 378 2767 script.
400 2698 558 2754 Hebraicis
575 2702 632 2765 ‚'e.
653 2716 681 2750 ιι
702 2697 885 2753 scribendam
900 2704 943 2751 est
960 2696 1064 2767 procat

103 2768 192 2824 dubio
212 2770 386 2827 Bonnndns
407 2770 531 2837 tineo,
558 2771 636 2842 (prod
657 2785 741 2825 necno
766 2770 866 2825 doctas
891 2767 1063 2839 negaecr·it,·

101 2840 356 2968 quandoauidem
370 2884 377 2910 ‚
403 2850 438 2898 ut
450 2842 594 2899 itebraice
615 2842 649 2897 in
663 2850 742 2899 statu
761 2841 923 2911 regiminis
936 2841 1005 2895 bene
1018 2840 1062 2895 di·

91 2921 219 3041 ,ἓιιιιιιιι
253 2910 307 2981 tit,
330 2914 449 2986 absquo
469 2931 512 2981 o;
537 2914 578 2971 ita
592 2915 714 2987 syriace
735 2914 810 2972 bane
829 2932 842 2968 .·
863 2915 955 2969 boone
968 2913 1061 2968 inau·
1106 2966 1116 2987 ,

125 2991 203 3041 itum
221 2993 279 3042 ebt.
377 2996 382 3007 ¹
562 3002 578 3019 ·“

138 3059 259 3115 Bonos.
279 3062 390 3114 bonum
402 3069 444 3116 est
460 3060 602 3131 confidere
616 3060 650 3114 in
660 3059 801 3125 Darnino,
820 3071 908 3128 qaam
921 3055 1063 3124 confidere

102 3126 274 3186 innomine.
297 3135 409 3189 nonam
427 3143 470 3191 est
487 3148 605 3203 sperare
629 3133 659 3187 in
679 3131 819 3197 Domino,
840 3143 928 3199 qnam
946 3142 1064 3195 sperare

102 3200 133 3255 in
143 3202 330 3273 principibus.
356 3207 406 3261 Ps.
421 3215 512 3263 cxvn
533 3206 549 3257 8
569 3219 614 3274 sq.
637 3206 724 3261 More
742 3200 839 3258 latino
854 3241 863 3267 ‚
880 3198 981 3254 metim
998 3207 1042 3252 est
1052 3212 1064 3266 ,⁴

101 3287 177 3332 nam
190 3276 312 3335 nebrot
324 3277 422 3346 gradu
434 3276 646 3348 comparativo
659 3282 775 3333 carent.
798 3278 892 3343 Qstorn
906 3272 1012 3325 bantini
1021 3279 1064 3327 est

103 3358 253 3419 arguere,
282 3364 370 3420 quarn
389 3350 501 3418 irasci,
527 3358 555 3407 ct
587 3350 774 3418 confitentem
799 3347 830 3400 in
851 3342 984 3399 oratione
1004 3358 1064 3426 non

59 3462 64 3471 .
102 3420 252 3489 proitibere
272 3421 282 3474 !
306 3419 399 3478 ticeli.
413 3434 457 3479 xx
473 3442 495 3479 1.
516 3419 759 3489 onantomeitus
773 3425 838 3485 est,
853 3416 884 3471 in
899 3415 1064 3472 monendis

104 3491 278 3549 errantibus
290 3494 486 3553 moderatum
503 3506 588 3560 esse,
608 3504 702 3563 (poam
715 3484 927 3547 iracundum!
950 3496 1064 3557 otiante

137 3563 235 3631 etius,
250 3565 406 3627 centeno
429 3580 570 3623 errorem
595 3566 783 3629 ignoscere,
818 3573 911 3630 quiam
939 3559 1063 3615 veniam

144 3647 217 3705 gare
226 3634 427 3708 deprecanti!
442 3643 554 3696 Bonitus
572 3636 643 3690 ratini
664 3635 711 3688 tex
724 3635 784 3689 oris·
799 3635 860 3697 tni,
878 3631 1064 3763 sigismundo

208 3768 215 3783 Ο
