2475 4034
443 78 603 147 Fatteah
653 81 804 149 Faarsa.
1021 90 1100 182 ‘579

149 234 162 243 ..
185 192 332 256 Faahnh
345 189 430 264 Eripe
438 191 570 247 animam
582 205 677 247 meam
689 190 726 247 ab
739 192 843 264 impio,
862 193 1099 266 tramamtaam

148 265 186 320 ab
208 265 331 319 inimicis
358 279 462 319 manus
488 272 553 318 tao.
580 265 630 319 Ps.
657 274 714 321 xvi
741 265 782 320 ιδ.
805 267 885 323 Fons
910 269 1097 345 hebraicus,

148 336 284 404 gladium
302 344 414 401 tuum;
435 346 521 401 unx,
539 332 750 404 rhomphaeam
765 343 861 395 tuam.
879 342 1024 408 mamea,
1043 357 1098 403 or-

146 415 214 463 tum
234 422 251 463 a
271 406 431 462 Germanis
449 404 663 470 vocabulum,
687 405 807 463 hastam
828 408 1040 482 significabat,
1062 424 1098 473 ut

147 477 264 537 diserte
276 475 408 546 explicat
419 477 544 532 Tacitus
561 491 569 532 ε
589 473 765 533 traductum
778 487 824 535 est
839 488 945 550 postea
959 483 998 539 ad
1015 482 1098 543 indi·

106 562 113 573 ⁴
146 550 282 607 candum
298 549 392 604 etiam
410 544 555 617 gladium.
585 548 742 606 sententia
764 547 824 608 loci
841 559 889 608 est
908 568 915 610 :
936 554 1028 624 Eripe
1044 569 1099 614 ma

145 620 261 689 impio,
279 627 309 673 et
322 618 458 676 hostibus
471 619 532 677 tuis
545 626 694 689 extorque
707 618 861 689 gladium,
879 623 981 682 adime
993 625 1094 699 vires,

143 691 257 761 quibus
270 698 376 747 contra
388 688 563 760 aequitatem
575 698 608 748 et
616 690 806 748 volantatem
819 701 903 751 tuam
917 696 1092 755 abutuntur.

142 804 148 811 .
182 764 226 829 2)
247 763 432 821 Defecerant
451 762 585 821 frameae.
611 763 724 818 Inimici
744 764 910 834 defeceram
929 770 1095 837 [rametam

145 834 240 901 finem.
263 835 313 888 Ps.
336 844 371 891 lx
388 853 413 901 7·
430 830 554 903 Aliqui,
574 832 668 890 latina
682 832 746 891 sola
762 836 1013 909 considerantes,
1033 840 1096 899 dici

141 911 312 973 putarunt,
333 903 479 961 inimicos
492 903 632 962 delicere
643 919 700 963 seu
716 906 823 963 deesse
836 909 942 975 lerr03
959 910 1001 967 ita
1017 925 1096 971 cou-

144 974 228 1037 cisos
248 991 264 1031 a
283 975 451 1033 viatoribus
469 975 573 1033 hostes
591 990 684 1045 esse,
703 984 738 1033 ut
757 978 820 1048 iarn
831 993 894 1036 non
912 981 1092 1051 inveniant,

139 1060 221 1117 quos
234 1048 386 1104 occidant.
402 1046 463 1117 sed
474 1046 619 1103 hebraica
630 1056 774 1117 etgraeoa
788 1050 960 1109 luculenter
974 1068 982 1109 z
996 1055 1091 1112 Enses

143 1117 247 1175 hostis
258 1119 438 1177 deiecerunt
454 1120 487 1175 in
499 1125 692 1203 perpetuum.
717 1121 768 1177 Sic
781 1122 877 1178 fracta
895 1130 943 1180 est
956 1124 1093 1194 potentia

143 1188 301 1256 hostium,
314 1197 351 1251 nt
361 1204 447 1247 arma
461 1190 606 1260 deinceps
617 1205 729 1264 capere
737 1204 896 1262 nunquam
907 1196 1012 1253 ausuri
1020 1195 1090 1253 sint.

179 1261 218 1327 3)
240 1263 369 1317 Framea
391 1276 484 1333 super
507 1270 674 1333 pastorem.
700 1266 823 1319 lrameo
844 1267 987 1322 suscitare
1007 1282 1093 1336 saper

142 1341 288 1400 pastorem
305 1348 421 1400 rreum,
445 1340 474 1390 et
488 1347 576 1406 saper
592 1335 689 1390 airam
706 1337 895 1393 solerentne
912 1340 1001 1406 mihi,
1023 1339 1093 1395 dicit

140 1404 280 1461 Doraiaas
295 1406 479 1462 exercituum
494 1422 508 1461 .·
526 1415 645 1477 percute
659 1417 823 1476 pastorem,
845 1418 874 1465 et
890 1409 1092 1482 dispergentur

134 1492 205 1532 noves
229 1486 291 1530 :et
315 1486 482 1532 convertam
509 1490 631 1545 manum
651 1495 747 1534 meam
766 1481 806 1534 acl
825 1484 970 1548 parratas.
996 1483 1088 1541 zach.

141 1558 203 1603 xnr
225 1565 250 1615 7·
274 1548 413 1604 Christus
430 1550 498 1618 ipre
514 1548 619 1607 docuit
632 1551 642 1619 t
653 1551 756 1607 Matth.
777 1562 855 1608 axvr
873 1554 931 1622 δι,
952 1562 983 1611 et
996 1558 1087 1610 Marc.

142 1630 199 1675 xlv
218 1635 251 1686 27
268 1621 439 1688 )·praedicta
458 1619 525 1676 haec
540 1635 609 1677 esse
629 1622 668 1677 de
684 1637 717 1678 se
735 1631 766 1678 et
782 1624 949 1692 apostolis,
973 1625 1093 1693 disper-

142 1691 250 1758 gendis
264 1704 301 1746 eo
313 1699 471 1762 tempore,
486 1706 548 1762 quo
558 1705 707 1818 Eassurus
721 1695 787 1763 ipse
801 1704 891 1751 esset.
906 1695 1006 1751 Dividi
1016 1710 1090 1763 ergo

141 1763 240 1817 Patris
252 1775 311 1819 vox
323 1771 369 1817 est
381 1780 388 1818 :
403 1763 508 1821 Sinam
518 1771 548 1820 te
583 1764 681 1820 ostilis
692 1763 812 1833 gladie,
826 1765 944 1820 irruere
955 1766 986 1820 in
998 1779 1090 1822 eous-

131 1833 265 1894 ,titutum
285 1849 301 1888 a
320 1848 370 1890 me
384 1837 544 1891 Pastorem
558 1836 681 1904 generis
700 1835 851 1903 humani,
877 1836 931 1906 qui
949 1844 983 1892 ut
996 1851 1089 1892 verus

140 1906 223 1961 Deus
244 1905 382 1975 ejusdem
403 1913 452 1962 est
471 1918 596 1963 mecum
614 1908 756 1973 Naturae,
776 1914 807 1962 et
825 1914 858 1961 ut
875 1907 1088 1963 sanctissimus

140 1977 241 2034 Homo
266 1990 389 2035 somma
408 1974 485 2033 mihi
509 1976 643 2032 amicitia
668 1976 873 2046 conjungitur.
898 1979 1089 2039 percutietur

141 2055 246 2116 pastor
259 2046 328 2113 hic,
347 2057 380 2103 et
396 2062 473 2117 grex
485 2046 692 2121 dissipabitur.
716 2049 775 2103 sed
788 2050 884 2106 redux
899 2063 957 2117 ego
967 2091 976 2116 ,
988 2050 1092 2121 inquit

139 2120 258 2246 gasusb,
279 2131 408 2176 manum
420 2118 585 2177 extendam
598 2117 637 2174 ad
650 2119 785 2190 trepidos
798 2160 807 2186 ,
827 2129 858 2176 et
874 2121 999 2181 afflictos
1012 2135 1090 2178 con-

125 2302 130 2305 .
175 2264 318 2317 haaron.
350 2265 396 2318 De
424 2262 564 2333 proxima
593 2262 859 2333 consanguinitate
885 2260 1087 2332 coniunctim

138 2330 333 2389 hebraismus
352 2333 543 2392 notissimus.
565 2336 647 2404 Quod
661 2350 728 2390 cam
740 2335 867 2390 andaset
886 2336 1016 2398 Abram,
1036 2347 1091 2388 ca-

139 2412 223 2473 ptam
236 2404 361 2460 videlicet
374 2409 427 2461 Lot
438 2407 565 2478 fratrem
577 2421 672 2462 suam.
687 2407 759 2462 Gen.
781 2417 838 2462 xlv
853 2407 893 2470 14.
908 2405 928 2460 i.
947 2420 973 2461 e.
989 2403 1087 2464 ulium

122 2474 244 2531 iratris
269 2477 317 2535 sui
338 2477 442 2532 drani.
469 2478 583 2534 Eadem
604 2478 827 2534 consuetudine
847 2477 880 2532 in
904 2480 983 2546 Lege
1004 2479 1087 2532 Nava

139 2545 251 2618 saepius
264 2548 373 2604 fratres
385 2549 506 2605 Domini
516 2548 724 2620 appellantur,
736 2548 818 2620 quod
826 2547 1092 2620 propinquissima

138 2618 322 2686 cognatione
342 2619 498 2676 Christum
521 2621 729 2689 attingerent,
754 2634 817 2677 non
841 2619 924 2690 quod
943 2619 1086 2675 eamdem

138 2689 233 2744 etiam
249 2698 381 2745 matrem
393 2691 569 2760 haherent,
595 2699 630 2747 ut
650 2691 776 2762 quidam
795 2706 900 2747 rerum
919 2697 950 2746 et
966 2690 1087 2759 lingua-

119 2773 209 2815 ¹rum
226 2759 316 2817 inscii
333 2762 534 2819 somniarunt.
549 2765 603 2820 dle
618 2762 668 2817 his
689 2763 776 2833 plura
798 2765 870 2817 voc.
890 2764 1022 2816 Jarabas.

175 2833 191 2887 2
204 2832 212 2900 l
224 2833 330 2888 Frater
342 2846 398 2902 pro
412 2833 514 2889 simili.
531 2834 587 2905 Qui
596 2834 690 2888 moltis
699 2843 728 2890 et
741 2835 895 2889 dissolatas
908 2840 951 2885 est
962 2832 991 2884 ia
1003 2844 1087 2900 opere

118 2954 123 2960 .
137 2916 213 3029 aaa,
224 2904 320 2972 frater
332 2911 374 2960 est
386 2916 542 2978 saaopera
552 2905 728 2975 dissipantis.
739 2908 828 2963 Prar.
841 2912 923 2961 xvur
933 2921 959 2972 9·
975 2900 1084 2959 similis

172 2989 215 3030 ser
238 2975 309 3031 anti.
907 2984 913 2999 ’

172 2989 346 3112 atprrater
362 3048 619 3115 draconumeret
645 3047 747 3105 socius
771 3045 986 3104 struthionum.
1013 3040 1081 3098 lob.

136 3127 202 3172 xxx
216 3133 259 3189 29.
279 3120 324 3175 De
336 3120 405 3176 lobi
418 3117 583 3190 plangore,
598 3119 713 3188 sibilis,
734 3118 869 3188 ejulatu,
892 3115 1006 3174 rectius
1018 3113 1086 3195 haec

138 3188 262 3258 accipi,
284 3188 377 3259 quam
391 3191 435 3249 ¹do
449 3191 522 3262 eJ'us
541 3190 730 3260 solitudine,
757 3205 796 3246 ex
813 3195 957 3248 contextu
975 3194 1006 3242 et
1026 3187 1085 3241 hh-

136 3259 222 3315 chaea
236 3262 355 3317 ostendi
367 3260 440 3319 voe.
464 3268 581 3331 Draco,
601 3271 616 3327 §
633 3281 659 3320 2.
991 3329 997 3340 ⁸
1074 3325 1082 3339 ,
1126 3308 1131 3311 -

170 3330 210 3398 bl
230 3333 351 3388 Fratres
370 3334 485 3403 nostri„
498 3337 613 3393 Ductor
635 3334 773 3406 gentium
791 3329 895 3391 laudat
910 3332 1016 3386 iratus
1035 3341 1084 3410 sur

113 3442 115 3445 -
136 3399 374 3460 sollicitudinem
392 3406 449 3463 siae
466 3421 522 3477 pro
544 3407 628 3473 Tito,
648 3408 699 3477 qai
714 3415 757 3461 est
775 3406 867 3461 socias
881 3415 984 3465 meas,
1006 3407 1034 3452 et
1052 3412 1083 3450 m

135 3486 186 3526 aas
198 3473 339 3551 adjutor,
361 3477 419 3533 siae
433 3477 544 3547 fratres
563 3479 658 3533 nostrl
667 3517 680 3544 ‚
700 3477 823 3548 apostati
837 3474 1043 3550 ecclesiaram..
1054 3471 1080 3522 2.

116 3578 121 3585 ·
135 3544 203 3599 cor.
219 3555 281 3601 vlu
294 3546 336 3615 ad.
352 3547 517 3618 Antiptosis
531 3557 595 3614 est3
605 3548 719 3605 usitato
731 3562 817 3605 more
830 3546 984 3600 diceretur
997 3554 1005 3594 ι
1018 3552 1083 3620 slve

134 3627 193 3685 pro
209 3615 301 3685 Tito,
323 3617 386 3676 sire
403 3633 460 3691 pro
478 3618 624 3687 iratribus
642 3619 755 3677 nostris
776 3615 930 3688 apostolis.
953 3610 1084 3668 Hebrai-
