<?xml version="1.0" encoding="UTF-8"?>
<!DOCTYPE html PUBLIC "-//W3C//DTD XHTML 1.0 Transitional//EN"
    "http://www.w3.org/TR/xhtml1/DTD/xhtml1-transitional.dtd">
<html xmlns="http://www.w3.org/1999/xhtml" xml:lang="en" lang="en">
 <head>
  <title>
</title>
<meta http-equiv="Content-Type" content="text/html;charset=utf-8" />
  <meta name='ocr-system' content='tesseract 3.04.00' />
  <meta name='ocr-capabilities' content='ocr_page ocr_carea ocr_par ocr_line ocrx_word'/>
</head>
<body>
  <div class='ocr_page' id='page_1' title='image "./lexiconbiblicum00weitgoog_0397.png"; bbox 0 0 2475 4034; ppageno 0'>
   <div class='ocr_carea' id='block_1_1' title="bbox 407 59 1079 189">
    <p class='ocr_par' dir='ltr' id='par_1_1' title="bbox 407 59 1079 189">
     <span class='ocr_line' id='line_1_1' title="bbox 407 59 1079 189; baseline 0.001 -30"><span class='ocrx_word' id='word_1_1' title='bbox 407 91 640 160; x_wconf 76' lang='lat' dir='ltr'><strong>Unrcssrrus.</strong></span> <span class='ocrx_word' id='word_1_2' title='bbox 686 87 794 178; x_wconf 69' lang='lat' dir='ltr'><strong>Ursas.</strong></span> <span class='ocrx_word' id='word_1_3' title='bbox 1006 59 1079 189; x_wconf 67' lang='lat' dir='ltr'><strong>dqd</strong></span> 
     </span>
    </p>
   </div>
   <div class='ocr_carea' id='block_1_2' title="bbox 100 199 1081 1422">
    <p class='ocr_par' dir='ltr' id='par_1_2' title="bbox 100 199 1081 780">
     <span class='ocr_line' id='line_1_2' title="bbox 141 199 1078 284; baseline -0.01 -12"><span class='ocrx_word' id='word_1_4' title='bbox 141 214 206 284; x_wconf 69' lang='grc'><strong>»2)</strong></span> <span class='ocrx_word' id='word_1_5' title='bbox 224 205 560 270; x_wconf 73' lang='lat' dir='ltr'><strong>Descendmtmaiccmes</strong></span> <span class='ocrx_word' id='word_1_6' title='bbox 572 217 641 273; x_wconf 80' lang='lat' dir='ltr'><strong>cum</strong></span> <span class='ocrx_word' id='word_1_7' title='bbox 650 199 700 259; x_wconf 79' lang='lat' dir='ltr'><strong>eis.</strong></span> <span class='ocrx_word' id='word_1_8' title='bbox 724 204 764 260; x_wconf 85' lang='lat' dir='ltr'><strong>is.</strong></span> <span class='ocrx_word' id='word_1_9' title='bbox 779 212 915 280; x_wconf 73' lang='lat' dir='ltr'><strong>miv-7.</strong></span> <span class='ocrx_word' id='word_1_10' title='bbox 937 203 1009 264; x_wconf 80' lang='lat' dir='ltr'><strong>irati</strong></span> <span class='ocrx_word' id='word_1_11' title='bbox 1020 206 1078 263; x_wconf 84' lang='lat' dir='ltr'><strong>Dei</strong></span> 
     </span>
     <span class='ocr_line' id='line_1_3' title="bbox 100 274 1076 356; baseline -0.009 -13"><span class='ocrx_word' id='word_1_12' title='bbox 100 301 104 310; x_wconf 92' lang='lat'>·</span> <span class='ocrx_word' id='word_1_13' title='bbox 129 285 448 356; x_wconf 71' lang='lat' dir='ltr'><strong>gladiusnontantum</strong></span> <span class='ocrx_word' id='word_1_14' title='bbox 460 289 556 348; x_wconf 77' lang='lat' dir='ltr'><strong>agnos</strong></span> <span class='ocrx_word' id='word_1_15' title='bbox 569 274 839 343; x_wconf 72' lang='lat' dir='ltr'><strong>ethircoscssdet‚</strong></span> <span class='ocrx_word' id='word_1_16' title='bbox 850 274 872 331; x_wconf 89' lang='lat' dir='ltr'><strong>i.</strong></span> <span class='ocrx_word' id='word_1_17' title='bbox 884 289 910 332; x_wconf 91' lang='lat' dir='ltr'><strong>e.</strong></span> <span class='ocrx_word' id='word_1_18' title='bbox 922 274 1076 353; x_wconf 66' lang='lat' dir='ltr'><strong>plebeium</strong></span> 
     </span>
     <span class='ocr_line' id='line_1_4' title="bbox 132 345 1075 419; baseline -0.007 -5"><span class='ocrx_word' id='word_1_19' title='bbox 132 355 291 414; x_wconf 85' lang='lat' dir='ltr'><strong>sedetiam</strong></span> <span class='ocrx_word' id='word_1_20' title='bbox 300 352 485 416; x_wconf 81' lang='lat' dir='ltr'><strong>unicornes,</strong></span> <span class='ocrx_word' id='word_1_21' title='bbox 500 362 554 405; x_wconf 90' lang='lat' dir='ltr'><strong>seu</strong></span> <span class='ocrx_word' id='word_1_22' title='bbox 566 386 575 414; x_wconf 89' lang='lat'>,</span> <span class='ocrx_word' id='word_1_23' title='bbox 588 353 624 402; x_wconf 89' lang='lat' dir='ltr'><strong>ut</strong></span> <span class='ocrx_word' id='word_1_24' title='bbox 635 345 750 403; x_wconf 81' lang='lat' dir='ltr'><strong>habent</strong></span> <span class='ocrx_word' id='word_1_25' title='bbox 761 358 825 403; x_wconf 76' lang='lat' dir='ltr'><strong>cxx</strong></span> <span class='ocrx_word' id='word_1_26' title='bbox 837 354 869 404; x_wconf 90' lang='lat' dir='ltr'><strong>et</strong></span> <span class='ocrx_word' id='word_1_27' title='bbox 880 346 1075 419; x_wconf 82' lang='lat' dir='ltr'><strong>Chaldaicus,</strong></span> 
     </span>
     <span class='ocr_line' id='line_1_5' title="bbox 131 416 1078 503; baseline -0.005 -19"><span class='ocrx_word' id='word_1_28' title='bbox 131 433 287 500; x_wconf 76' lang='lat' dir='ltr'><strong>putentes,</strong></span> <span class='ocrx_word' id='word_1_29' title='bbox 302 421 501 481; x_wconf 83' lang='lat' dir='ltr'><strong>aburuiantes.</strong></span> <span class='ocrx_word' id='word_1_30' title='bbox 524 421 640 503; x_wconf 72' lang='lat' dir='ltr'><strong>omnes</strong></span> <span class='ocrx_word' id='word_1_31' title='bbox 657 417 766 490; x_wconf 83' lang='lat' dir='ltr'><strong>impii,</strong></span> <span class='ocrx_word' id='word_1_32' title='bbox 784 416 968 486; x_wconf 78' lang='lat' dir='ltr'><strong>nobilissimi</strong></span> <span class='ocrx_word' id='word_1_33' title='bbox 983 420 1078 479; x_wconf 85' lang='lat' dir='ltr'><strong>etiam</strong></span> 
     </span>
     <span class='ocr_line' id='line_1_6' title="bbox 131 488 1081 564; baseline -0.005 -9"><span class='ocrx_word' id='word_1_34' title='bbox 131 513 170 556; x_wconf 81' lang='lat' dir='ltr'><strong>ac</strong></span> <span class='ocrx_word' id='word_1_35' title='bbox 182 495 342 562; x_wconf 82' lang='lat' dir='ltr'><strong>ditissimi,</strong></span> <span class='ocrx_word' id='word_1_36' title='bbox 362 503 510 564; x_wconf 81' lang='lat' dir='ltr'><strong>supremo</strong></span> <span class='ocrx_word' id='word_1_37' title='bbox 527 490 581 547; x_wconf 88' lang='lat' dir='ltr'><strong>illo</strong></span> <span class='ocrx_word' id='word_1_38' title='bbox 598 488 707 560; x_wconf 65' lang='lat' dir='ltr'><strong>ludicii</strong></span> <span class='ocrx_word' id='word_1_39' title='bbox 725 489 775 546; x_wconf 86' lang='lat' dir='ltr'><strong>die</strong></span> <span class='ocrx_word' id='word_1_40' title='bbox 792 489 825 547; x_wconf 89' lang='lat' dir='ltr'><strong>in</strong></span> <span class='ocrx_word' id='word_1_41' title='bbox 844 490 970 560; x_wconf 79' lang='lat' dir='ltr'><strong>igneum</strong></span> <span class='ocrx_word' id='word_1_42' title='bbox 987 497 1081 550; x_wconf 71' lang='lat' dir='ltr'><strong>aetc&#39;c-.</strong></span> 
     </span>
     <span class='ocr_line' id='line_1_7' title="bbox 131 561 1077 641; baseline -0.005 -15"><span class='ocrx_word' id='word_1_43' title='bbox 131 582 269 641; x_wconf 79' lang='lat' dir='ltr'><strong>numque</strong></span> <span class='ocrx_word' id='word_1_44' title='bbox 279 565 459 623; x_wconf 78' lang='lat' dir='ltr'><strong>barathrum</strong></span> <span class='ocrx_word' id='word_1_45' title='bbox 472 561 663 628; x_wconf 85' lang='lat' dir='ltr'><strong>descendent</strong></span> <span class='ocrx_word' id='word_1_46' title='bbox 683 561 889 634; x_wconf 79' lang='lat' dir='ltr'><strong>teodemque</strong></span> <span class='ocrx_word' id='word_1_47' title='bbox 906 562 1077 634; x_wconf 70' lang='lat' dir='ltr'><strong>precipites</strong></span> 
     </span>
     <span class='ocr_line' id='line_1_8' title="bbox 130 631 1076 708; baseline -0.007 -10"><span class='ocrx_word' id='word_1_48' title='bbox 130 639 311 699; x_wconf 75' lang='lat' dir='ltr'><strong>hauriemus</strong></span> <span class='ocrx_word' id='word_1_49' title='bbox 324 636 404 695; x_wconf 79' lang='lat' dir='ltr'><strong>terri</strong></span> <span class='ocrx_word' id='word_1_50' title='bbox 413 650 481 692; x_wconf 83' lang='lat' dir='ltr'><strong>eam</strong></span> <span class='ocrx_word' id='word_1_51' title='bbox 497 634 680 707; x_wconf 73' lang='lat' dir='ltr'><strong>petentibus,-</strong></span> <span class='ocrx_word' id='word_1_52' title='bbox 700 631 774 689; x_wconf 84' lang='lat' dir='ltr'><strong>ibid.</strong></span> <span class='ocrx_word' id='word_1_53' title='bbox 793 635 911 691; x_wconf 78' lang='lat' dir='ltr'><strong>Arietss</strong></span> <span class='ocrx_word' id='word_1_54' title='bbox 923 641 962 708; x_wconf 21' lang='lat' dir='ltr'><strong>*et</strong></span> <span class='ocrx_word' id='word_1_55' title='bbox 976 634 1076 705; x_wconf 86' lang='lat' dir='ltr'><strong>tauri,</strong></span> 
     </span>
     <span class='ocr_line' id='line_1_9' title="bbox 131 703 1039 780; baseline -0.006 -11"><span class='ocrx_word' id='word_1_56' title='bbox 131 710 237 780; x_wconf 78' lang='lat' dir='ltr'><strong>legunt</strong></span> <span class='ocrx_word' id='word_1_57' title='bbox 248 722 332 777; x_wconf 68' lang='lat' dir='ltr'><strong>mm</strong></span> <span class='ocrx_word' id='word_1_58' title='bbox 351 715 383 766; x_wconf 87' lang='lat' dir='ltr'><strong>et</strong></span> <span class='ocrx_word' id='word_1_59' title='bbox 394 706 498 764; x_wconf 82' lang='lat' dir='ltr'><strong>Chald.</strong></span> <span class='ocrx_word' id='word_1_60' title='bbox 512 705 615 773; x_wconf 85' lang='lat' dir='ltr'><strong>clare,</strong></span> <span class='ocrx_word' id='word_1_61' title='bbox 636 703 795 776; x_wconf 81' lang='lat' dir='ltr'>Principes</span> <span class='ocrx_word' id='word_1_62' title='bbox 812 719 884 763; x_wconf 91' lang='lat' dir='ltr'><strong>cum</strong></span> <span class='ocrx_word' id='word_1_63' title='bbox 900 706 1039 764; x_wconf 78' lang='lat' dir='ltr'><strong>ducibus·</strong></span> 
     </span>
    </p>

    <p class='ocr_par' dir='ltr' id='par_1_3' title="bbox 107 776 1079 1137">
     <span class='ocr_line' id='line_1_10' title="bbox 157 776 1077 850; baseline -0.004 -11"><span class='ocrx_word' id='word_1_64' title='bbox 157 786 375 841; x_wconf 74' lang='lat' dir='ltr'><strong>-Utttusntsus</strong></span> <span class='ocrx_word' id='word_1_65' title='bbox 387 778 533 837; x_wconf 80' lang='lat' dir='ltr'><strong>Salomon</strong></span> <span class='ocrx_word' id='word_1_66' title='bbox 540 778 618 835; x_wconf 90' lang='lat' dir='ltr'><strong>dese</strong></span> <span class='ocrx_word' id='word_1_67' title='bbox 633 792 642 834; x_wconf 77' lang='grc' dir='ltr'>ι</span> <span class='ocrx_word' id='word_1_68' title='bbox 654 776 791 846; x_wconf 77' lang='lat' dir='ltr'><strong>Filiusfui</strong></span> <span class='ocrx_word' id='word_1_69' title='bbox 800 805 817 819; x_wconf 94' lang='lat'>-</span> <span class='ocrx_word' id='word_1_70' title='bbox 828 806 845 818; x_wconf 93' lang='lat'>·</span> <span class='ocrx_word' id='word_1_71' title='bbox 855 804 872 819; x_wconf 90' lang='lat'>-</span> <span class='ocrx_word' id='word_1_72' title='bbox 882 806 900 819; x_wconf 92' lang='lat'>-</span> <span class='ocrx_word' id='word_1_73' title='bbox 912 778 1077 850; x_wconf 79' lang='lat' dir='ltr'><strong>unigenitus</strong></span> 
     </span>
     <span class='ocr_line' id='line_1_11' title="bbox 132 847 1076 926; baseline -0.003 -15"><span class='ocrx_word' id='word_1_74' title='bbox 132 870 232 912; x_wconf 86' lang='lat' dir='ltr'><strong>eorem</strong></span> <span class='ocrx_word' id='word_1_75' title='bbox 242 864 339 910; x_wconf 84' lang='lat' dir='ltr'><strong>matre</strong></span> <span class='ocrx_word' id='word_1_76' title='bbox 345 866 421 914; x_wconf 74' lang='lat' dir='ltr'><strong>mec</strong></span> <span class='ocrx_word' id='word_1_77' title='bbox 435 854 524 907; x_wconf 84' lang='lat' dir='ltr'><strong>Pruv.</strong></span> <span class='ocrx_word' id='word_1_78' title='bbox 540 860 574 907; x_wconf 88' lang='grc' dir='ltr'><strong>ιιι</strong></span> <span class='ocrx_word' id='word_1_79' title='bbox 587 847 963 918; x_wconf 67' lang='lat' dir='ltr'><strong>dnimirumcarissimus</strong></span> <span class='ocrx_word' id='word_1_80' title='bbox 978 852 1076 926; x_wconf 74' lang='lat' dir='ltr'><strong>(cxx.</strong></span> 
     </span>
     <span class='ocr_line' id='line_1_12' title="bbox 132 916 1078 997; baseline -0.005 -14"><span class='ocrx_word' id='word_1_81' title='bbox 132 926 277 994; x_wconf 74' lang='lat' dir='ltr'><strong>dilectus)</strong></span> <span class='ocrx_word' id='word_1_82' title='bbox 293 923 382 997; x_wconf 84' lang='lat' dir='ltr'><strong>quasi</strong></span> <span class='ocrx_word' id='word_1_83' title='bbox 392 922 419 978; x_wconf 89' lang='lat' dir='ltr'><strong>si</strong></span> <span class='ocrx_word' id='word_1_84' title='bbox 428 928 510 980; x_wconf 86' lang='lat' dir='ltr'><strong>esset</strong></span> <span class='ocrx_word' id='word_1_85' title='bbox 521 920 640 977; x_wconf 91' lang='lat' dir='ltr'><strong>unicus.</strong></span> <span class='ocrx_word' id='word_1_86' title='bbox 653 916 796 991; x_wconf 79' lang='lat' dir='ltr'><strong>Alioquin</strong></span> <span class='ocrx_word' id='word_1_87' title='bbox 807 918 890 975; x_wconf 89' lang='lat' dir='ltr'><strong>enim</strong></span> <span class='ocrx_word' id='word_1_88' title='bbox 900 921 1078 980; x_wconf 80' lang='lat' dir='ltr'><strong>Bethsabeae</strong></span> 
     </span>
     <span class='ocr_line' id='line_1_13' title="bbox 132 990 1079 1067; baseline -0.006 -13"><span class='ocrx_word' id='word_1_89' title='bbox 132 998 211 1055; x_wconf 79' lang='lat' dir='ltr'><strong>tilios</strong></span> <span class='ocrx_word' id='word_1_90' title='bbox 227 996 324 1054; x_wconf 80' lang='lat' dir='ltr'><strong>inisse</strong></span> <span class='ocrx_word' id='word_1_91' title='bbox 339 1001 451 1067; x_wconf 76' lang='lat' dir='ltr'><strong>preter</strong></span> <span class='ocrx_word' id='word_1_92' title='bbox 470 990 668 1050; x_wconf 83' lang='lat' dir='ltr'><strong>salomonem</strong></span> <span class='ocrx_word' id='word_1_93' title='bbox 688 998 819 1064; x_wconf 87' lang='lat' dir='ltr'><strong>quatuor</strong></span> <span class='ocrx_word' id='word_1_94' title='bbox 838 990 937 1055; x_wconf 82' lang='lat' dir='ltr'><strong>alius,</strong></span> <span class='ocrx_word' id='word_1_95' title='bbox 958 991 1079 1053; x_wconf 79' lang='lat' dir='ltr'><strong>constat</strong></span> 
     </span>
     <span class='ocr_line' id='line_1_14' title="bbox 107 1063 676 1137; baseline -0.012 -11"><span class='ocrx_word' id='word_1_96' title='bbox 107 1069 110 1076; x_wconf 79' lang='grc'><em>’</em></span> <span class='ocrx_word' id='word_1_97' title='bbox 131 1084 170 1126; x_wconf 81' lang='lat' dir='ltr'><strong>ex</strong></span> <span class='ocrx_word' id='word_1_98' title='bbox 181 1072 207 1125; x_wconf 75' lang='lat' dir='ltr'><strong>i.</strong></span> <span class='ocrx_word' id='word_1_99' title='bbox 224 1071 296 1137; x_wconf 72' lang='lat' dir='ltr'><strong>Reg-</strong></span> <span class='ocrx_word' id='word_1_100' title='bbox 311 1065 412 1125; x_wconf 79' lang='lat' dir='ltr'><strong>xtuli.</strong></span> <span class='ocrx_word' id='word_1_101' title='bbox 426 1072 458 1121; x_wconf 87' lang='lat' dir='ltr'><strong>et</strong></span> <span class='ocrx_word' id='word_1_102' title='bbox 469 1064 496 1120; x_wconf 84' lang='lat'><strong>1.</strong></span> <span class='ocrx_word' id='word_1_103' title='bbox 514 1063 582 1120; x_wconf 83' lang='lat' dir='ltr'><strong>Par.</strong></span> <span class='ocrx_word' id='word_1_104' title='bbox 598 1074 637 1121; x_wconf 83' lang='lat' dir='ltr'><strong>tlt</strong></span> <span class='ocrx_word' id='word_1_105' title='bbox 650 1066 676 1119; x_wconf 85' lang='lat'><strong>5.</strong></span> 
     </span>
    </p>

    <p class='ocr_par' dir='ltr' id='par_1_4' title="bbox 132 1134 1078 1422">
     <span class='ocr_line' id='line_1_15' title="bbox 168 1134 1078 1211; baseline 0.001 -15"><span class='ocrx_word' id='word_1_106' title='bbox 168 1141 202 1209; x_wconf 81' lang='lat'><strong>2)</strong></span> <span class='ocrx_word' id='word_1_107' title='bbox 221 1142 334 1198; x_wconf 78' lang='lat' dir='ltr'><strong>Luctus</strong></span> <span class='ocrx_word' id='word_1_108' title='bbox 346 1136 506 1207; x_wconf 73' lang='lat' dir='ltr'><strong>unigeniti.</strong></span> <span class='ocrx_word' id='word_1_109' title='bbox 519 1137 582 1192; x_wconf 80' lang='lat' dir='ltr'><strong>ter.</strong></span> <span class='ocrx_word' id='word_1_110' title='bbox 597 1147 632 1194; x_wconf 88' lang='lat' dir='ltr'><strong>vt</strong></span> <span class='ocrx_word' id='word_1_111' title='bbox 646 1138 689 1191; x_wconf 72' lang='grc' dir='ltr'><strong>ιθ.</strong></span> <span class='ocrx_word' id='word_1_112' title='bbox 700 1134 822 1208; x_wconf 78' lang='grc' dir='ltr'><strong>Ιιιιεῑιιι</strong></span> <span class='ocrx_word' id='word_1_113' title='bbox 836 1135 963 1196; x_wconf 83' lang='lat' dir='ltr'><strong>acerbus</strong></span> <span class='ocrx_word' id='word_1_114' title='bbox 977 1178 986 1207; x_wconf 90' lang='lat'><strong>,</strong></span> <span class='ocrx_word' id='word_1_115' title='bbox 1000 1152 1078 1211; x_wconf 82' lang='lat' dir='ltr'><strong>qua-</strong></span> 
     </span>
     <span class='ocr_line' id='line_1_16' title="bbox 132 1207 841 1276; baseline -0.011 -8"><span class='ocrx_word' id='word_1_116' title='bbox 132 1210 195 1276; x_wconf 76' lang='lat' dir='ltr'><strong>lem</strong></span> <span class='ocrx_word' id='word_1_117' title='bbox 210 1209 296 1267; x_wconf 90' lang='lat' dir='ltr'><strong>unici</strong></span> <span class='ocrx_word' id='word_1_118' title='bbox 308 1209 364 1266; x_wconf 81' lang='lat' dir='ltr'><strong>tilii</strong></span> <span class='ocrx_word' id='word_1_119' title='bbox 375 1222 460 1266; x_wconf 90' lang='lat' dir='ltr'><strong>mors</strong></span> <span class='ocrx_word' id='word_1_120' title='bbox 472 1207 605 1266; x_wconf 83' lang='lat' dir='ltr'><strong>excitare</strong></span> <span class='ocrx_word' id='word_1_121' title='bbox 618 1207 705 1265; x_wconf 89' lang='lat' dir='ltr'><strong>solet.</strong></span> <span class='ocrx_word' id='word_1_122' title='bbox 836 1245 841 1260; x_wconf 91' lang='lat'><strong>.</strong></span> 
     </span>
     <span class='ocr_line' id='line_1_17' title="bbox 140 1278 1076 1354; baseline 0.001 -18"><span class='ocrx_word' id='word_1_123' title='bbox 140 1333 142 1336; x_wconf 79' lang='grc'>,</span> <span class='ocrx_word' id='word_1_124' title='bbox 169 1285 358 1340; x_wconf 73' lang='lat' dir='ltr'><strong>dutvnusus</strong></span> <span class='ocrx_word' id='word_1_125' title='bbox 379 1284 582 1338; x_wconf 82' lang='lat' dir='ltr'><strong>Verumtamen</strong></span> <span class='ocrx_word' id='word_1_126' title='bbox 596 1280 731 1337; x_wconf 79' lang='lat' dir='ltr'><strong>uniuersa</strong></span> <span class='ocrx_word' id='word_1_127' title='bbox 747 1278 822 1347; x_wconf 76' lang='lat' dir='ltr'><strong>(ixx</strong></span> <span class='ocrx_word' id='word_1_128' title='bbox 835 1286 866 1335; x_wconf 89' lang='lat' dir='ltr'><strong>et</strong></span> <span class='ocrx_word' id='word_1_129' title='bbox 876 1280 912 1337; x_wconf 86' lang='grc' dir='ltr'><strong>Ι).</strong></span> <span class='ocrx_word' id='word_1_130' title='bbox 929 1280 1076 1354; x_wconf 80' lang='lat' dir='ltr'><strong>Hierony·</strong></span> 
     </span>
     <span class='ocr_line' id='line_1_18' title="bbox 132 1351 1074 1422; baseline 0 -11"><span class='ocrx_word' id='word_1_131' title='bbox 132 1369 225 1422; x_wconf 85' lang='lat' dir='ltr'><strong>mus,</strong></span> <span class='ocrx_word' id='word_1_132' title='bbox 242 1354 345 1413; x_wconf 89' lang='lat' dir='ltr'><strong>omnia</strong></span> <span class='ocrx_word' id='word_1_133' title='bbox 357 1354 367 1421; x_wconf 73' lang='lat' dir='ltr'><strong>i</strong></span> <span class='ocrx_word' id='word_1_134' title='bbox 381 1353 496 1422; x_wconf 73' lang='lat' dir='ltr'><strong>vanitas</strong></span> <span class='ocrx_word' id='word_1_135' title='bbox 509 1352 601 1418; x_wconf 82' lang='lat' dir='ltr'><strong>omnis</strong></span> <span class='ocrx_word' id='word_1_136' title='bbox 615 1354 700 1407; x_wconf 75' lang='lat' dir='ltr'><strong>homo</strong></span> <span class='ocrx_word' id='word_1_137' title='bbox 717 1351 822 1408; x_wconf 83' lang='lat' dir='ltr'><strong>ciuem.</strong></span> <span class='ocrx_word' id='word_1_138' title='bbox 837 1353 886 1407; x_wconf 84' lang='lat' dir='ltr'><strong>Ps.</strong></span> <span class='ocrx_word' id='word_1_139' title='bbox 907 1363 1034 1411; x_wconf 78' lang='lat' dir='ltr'><strong>xxxviii</strong></span> <span class='ocrx_word' id='word_1_140' title='bbox 1046 1356 1074 1411; x_wconf 83' lang='lat' dir='ltr'><strong>d.</strong></span> 
     </span>
    </p>
   </div>
   <div class='ocr_carea' id='block_1_3' title="bbox 33 1421 771 1482">
    <p class='ocr_par' dir='ltr' id='par_1_5' title="bbox 33 1421 771 1482">
     <span class='ocr_line' id='line_1_19' title="bbox 33 1421 771 1482; baseline 0 0"><span class='ocrx_word' id='word_1_141' title='bbox 33 1444 39 1452; x_wconf 66' lang='lat'><strong><em>¹</em></strong></span> <span class='ocrx_word' id='word_1_142' title='bbox 133 1425 275 1482; x_wconf 82' lang='lat' dir='ltr'><strong>Proiecto</strong></span> <span class='ocrx_word' id='word_1_143' title='bbox 287 1424 389 1482; x_wconf 89' lang='lat' dir='ltr'><strong>omnia</strong></span> <span class='ocrx_word' id='word_1_144' title='bbox 403 1425 537 1480; x_wconf 80' lang='lat' dir='ltr'><strong>humana</strong></span> <span class='ocrx_word' id='word_1_145' title='bbox 554 1430 626 1479; x_wconf 86' lang='lat' dir='ltr'><strong>snut</strong></span> <span class='ocrx_word' id='word_1_146' title='bbox 644 1421 771 1482; x_wconf 79' lang='lat' dir='ltr'><strong>vanitas,</strong></span> 
     </span>
    </p>
   </div>
   <div class='ocr_carea' id='block_1_4' title="bbox 126 1495 1115 2428">
    <p class='ocr_par' dir='ltr' id='par_1_6' title="bbox 136 1495 1077 1626">
     <span class='ocr_line' id='line_1_20' title="bbox 167 1495 1077 1570; baseline 0.002 -17"><span class='ocrx_word' id='word_1_147' title='bbox 167 1499 205 1564; x_wconf 74' lang='lat' dir='ltr'><strong>ii</strong></span> <span class='ocrx_word' id='word_1_148' title='bbox 219 1496 357 1554; x_wconf 80' lang='lat' dir='ltr'><em>Ascendet</em></span> <span class='ocrx_word' id='word_1_149' title='bbox 369 1497 453 1568; x_wconf 82' lang='lat' dir='ltr'><strong>quasi</strong></span> <span class='ocrx_word' id='word_1_150' title='bbox 464 1496 567 1568; x_wconf 67' lang='lat' dir='ltr'><strong>[lucius</strong></span> <span class='ocrx_word' id='word_1_151' title='bbox 581 1496 739 1551; x_wconf 80' lang='lat' dir='ltr'><strong>uniuersus.</strong></span> <span class='ocrx_word' id='word_1_152' title='bbox 751 1497 854 1570; x_wconf 63' lang='lat' dir='ltr'><strong>⁴dutus</strong></span> <span class='ocrx_word' id='word_1_153' title='bbox 865 1502 926 1552; x_wconf 85' lang='lat' dir='ltr'><strong>vlit</strong></span> <span class='ocrx_word' id='word_1_154' title='bbox 938 1495 964 1552; x_wconf 84' lang='lat'><strong>8.</strong></span> <span class='ocrx_word' id='word_1_155' title='bbox 979 1496 1077 1568; x_wconf 81' lang='lat' dir='ltr'>Expo-</span> 
     </span>
     <span class='ocr_line' id='line_1_21' title="bbox 136 1568 487 1626; baseline -0.006 -1"><span class='ocrx_word' id='word_1_156' title='bbox 136 1568 229 1625; x_wconf 87' lang='lat' dir='ltr'><strong>situm</strong></span> <span class='ocrx_word' id='word_1_157' title='bbox 242 1575 292 1626; x_wconf 92' lang='lat' dir='ltr'><strong>est</strong></span> <span class='ocrx_word' id='word_1_158' title='bbox 304 1568 337 1624; x_wconf 89' lang='lat' dir='ltr'><strong>in</strong></span> <span class='ocrx_word' id='word_1_159' title='bbox 349 1568 487 1626; x_wconf 83' lang='lat' dir='ltr'><strong>Ascendo.</strong></span> 
     </span>
    </p>

    <p class='ocr_par' dir='ltr' id='par_1_7' title="bbox 126 1633 1115 2428">
     <span class='ocr_line' id='line_1_22' title="bbox 153 1633 1077 1712; baseline -0.006 -11"><span class='ocrx_word' id='word_1_160' title='bbox 153 1643 260 1701; x_wconf 54' lang='lat' dir='ltr'><strong>littus.</strong></span> <span class='ocrx_word' id='word_1_161' title='bbox 272 1644 370 1696; x_wconf 84' lang='lat' dir='ltr'><strong>-Unam</strong></span> <span class='ocrx_word' id='word_1_162' title='bbox 380 1641 449 1712; x_wconf 81' lang='lat' dir='ltr'><strong>petii</strong></span> <span class='ocrx_word' id='word_1_163' title='bbox 468 1656 488 1695; x_wconf 82' lang='lat' dir='ltr'><strong>a</strong></span> <span class='ocrx_word' id='word_1_164' title='bbox 499 1639 642 1705; x_wconf 80' lang='lat' dir='ltr'><strong>Domine,</strong></span> <span class='ocrx_word' id='word_1_165' title='bbox 664 1638 738 1693; x_wconf 78' lang='lat' dir='ltr'><strong>iane</strong></span> <span class='ocrx_word' id='word_1_166' title='bbox 755 1633 925 1710; x_wconf 80' lang='lat' dir='ltr'><strong>requiram,</strong></span> <span class='ocrx_word' id='word_1_167' title='bbox 949 1647 981 1694; x_wconf 85' lang='lat' dir='ltr'><strong>nt</strong></span> <span class='ocrx_word' id='word_1_168' title='bbox 994 1639 1077 1695; x_wconf 78' lang='lat' dir='ltr'><strong>intic-</strong></span> 
     </span>
     <span class='ocr_line' id='line_1_23' title="bbox 131 1708 1079 1780; baseline 0.002 -14"><span class='ocrx_word' id='word_1_169' title='bbox 131 1712 219 1768; x_wconf 79' lang='lat' dir='ltr'><strong>ditem</strong></span> <span class='ocrx_word' id='word_1_170' title='bbox 229 1713 260 1769; x_wconf 82' lang='grc' dir='ltr'><strong>ἰιι</strong></span> <span class='ocrx_word' id='word_1_171' title='bbox 271 1712 486 1769; x_wconf 68' lang='lat' dir='ltr'><strong>meruerim.</strong></span> <span class='ocrx_word' id='word_1_172' title='bbox 502 1714 643 1768; x_wconf 72' lang='lat' dir='ltr'><strong>Pentri</strong></span> <span class='ocrx_word' id='word_1_173' title='bbox 653 1712 679 1774; x_wconf 73' lang='lat' dir='ltr'><strong>i.</strong></span> <span class='ocrx_word' id='word_1_174' title='bbox 695 1712 794 1765; x_wconf 78' lang='lat' dir='ltr'><strong>Uarum</strong></span> <span class='ocrx_word' id='word_1_175' title='bbox 803 1708 897 1780; x_wconf 78' lang='lat' dir='ltr'><strong>petii,</strong></span> <span class='ocrx_word' id='word_1_176' title='bbox 911 1711 970 1766; x_wconf 88' lang='lat' dir='ltr'><strong>hoc</strong></span> <span class='ocrx_word' id='word_1_177' title='bbox 981 1725 1079 1769; x_wconf 91' lang='lat' dir='ltr'><strong>unum</strong></span> 
     </span>
     <span class='ocr_line' id='line_1_24' title="bbox 132 1777 1079 1855; baseline 0.004 -18"><span class='ocrx_word' id='word_1_178' title='bbox 132 1783 306 1855; x_wconf 84' lang='lat' dir='ltr'><strong>requiram,</strong></span> <span class='ocrx_word' id='word_1_179' title='bbox 323 1784 398 1840; x_wconf 85' lang='lat' dir='ltr'><strong>utin</strong></span> <span class='ocrx_word' id='word_1_180' title='bbox 410 1784 503 1841; x_wconf 88' lang='lat' dir='ltr'><strong>domo</strong></span> <span class='ocrx_word' id='word_1_181' title='bbox 515 1783 571 1839; x_wconf 82' lang='lat' dir='ltr'><strong>nei</strong></span> <span class='ocrx_word' id='word_1_182' title='bbox 584 1782 729 1839; x_wconf 86' lang='lat' dir='ltr'><strong>habitem.</strong></span> <span class='ocrx_word' id='word_1_183' title='bbox 744 1777 884 1849; x_wconf 78' lang='lat' dir='ltr'><strong>Hebraei,</strong></span> <span class='ocrx_word' id='word_1_184' title='bbox 902 1782 957 1853; x_wconf 92' lang='lat' dir='ltr'><strong>qui</strong></span> <span class='ocrx_word' id='word_1_185' title='bbox 967 1790 1079 1841; x_wconf 84' lang='lat' dir='ltr'><strong>neutro</strong></span> 
     </span>
     <span class='ocr_line' id='line_1_25' title="bbox 133 1851 1079 1929; baseline 0.001 -18"><span class='ocrx_word' id='word_1_186' title='bbox 133 1869 246 1924; x_wconf 81' lang='lat' dir='ltr'><strong>genere</strong></span> <span class='ocrx_word' id='word_1_187' title='bbox 266 1862 394 1922; x_wconf 88' lang='lat' dir='ltr'><strong>carent,</strong></span> <span class='ocrx_word' id='word_1_188' title='bbox 419 1854 487 1926; x_wconf 78' lang='lat' dir='ltr'><strong>eius</strong></span> <span class='ocrx_word' id='word_1_189' title='bbox 503 1851 573 1911; x_wconf 89' lang='lat' dir='ltr'><strong>locu</strong></span> <span class='ocrx_word' id='word_1_190' title='bbox 590 1852 799 1911; x_wconf 88' lang='lat' dir='ltr'><strong>masculinum</strong></span> <span class='ocrx_word' id='word_1_191' title='bbox 822 1858 873 1909; x_wconf 86' lang='lat' dir='ltr'><strong>aut</strong></span> <span class='ocrx_word' id='word_1_192' title='bbox 892 1851 1079 1929; x_wconf 79' lang='lat' dir='ltr'><strong>femininum</strong></span> 
     </span>
     <span class='ocr_line' id='line_1_26' title="bbox 133 1934 1115 1997; baseline 0.002 -16"><span class='ocrx_word' id='word_1_193' title='bbox 133 1934 292 1997; x_wconf 75' lang='lat' dir='ltr'><strong>usurpant.</strong></span> <span class='ocrx_word' id='word_1_194' title='bbox 537 1963 540 1972; x_wconf 90' lang='lat'><em>·</em></span> <span class='ocrx_word' id='word_1_195' title='bbox 913 1943 917 1950; x_wconf 91' lang='lat'>·</span> <span class='ocrx_word' id='word_1_196' title='bbox 1114 1940 1115 1946; x_wconf 74' lang='grc'>’</span> 
     </span>
     <span class='ocr_line' id='line_1_27' title="bbox 130 1991 1079 2069; baseline 0.002 -16"><span class='ocrx_word' id='word_1_197' title='bbox 130 2032 135 2038; x_wconf 89' lang='lat'><em>-</em></span> <span class='ocrx_word' id='word_1_198' title='bbox 165 2000 206 2064; x_wconf 69' lang='lat' dir='ltr'><strong>a)</strong></span> <span class='ocrx_word' id='word_1_199' title='bbox 227 2000 311 2055; x_wconf 81' lang='lat' dir='ltr'><strong>tinus</strong></span> <span class='ocrx_word' id='word_1_200' title='bbox 324 2010 381 2069; x_wconf 81' lang='lat' dir='ltr'><strong>pro</strong></span> <span class='ocrx_word' id='word_1_201' title='bbox 392 1997 467 2055; x_wconf 79' lang='lat' dir='ltr'><strong>Dec.</strong></span> <span class='ocrx_word' id='word_1_202' title='bbox 488 1993 653 2055; x_wconf 67' lang='lat' dir='ltr'><strong>malachias</strong></span> <span class='ocrx_word' id='word_1_203' title='bbox 669 1991 897 2068; x_wconf 72' lang='lat' dir='ltr'><strong>obiurgatoris,</strong></span> <span class='ocrx_word' id='word_1_204' title='bbox 920 1997 1079 2069; x_wconf 80' lang='lat' dir='ltr'><strong>quirepu-</strong></span> 
     </span>
     <span class='ocr_line' id='line_1_28' title="bbox 129 2066 1079 2139; baseline 0.002 -15"><span class='ocrx_word' id='word_1_205' title='bbox 129 2066 254 2126; x_wconf 87' lang='lat' dir='ltr'><strong>diarant</strong></span> <span class='ocrx_word' id='word_1_206' title='bbox 265 2067 376 2128; x_wconf 83' lang='lat' dir='ltr'><strong>uxeres</strong></span> <span class='ocrx_word' id='word_1_207' title='bbox 388 2069 548 2139; x_wconf 74' lang='lat' dir='ltr'><strong>pubertatis</strong></span> <span class='ocrx_word' id='word_1_208' title='bbox 557 2082 616 2125; x_wconf 81' lang='lat' dir='ltr'><strong>sue</strong></span> <span class='ocrx_word' id='word_1_209' title='bbox 631 2073 674 2139; x_wconf 83' lang='grc' dir='ltr'><strong>(ιι</strong></span> <span class='ocrx_word' id='word_1_210' title='bbox 688 2069 737 2136; x_wconf 77' lang='lat' dir='ltr'><strong>ri)</strong></span> <span class='ocrx_word' id='word_1_211' title='bbox 752 2070 773 2125; x_wconf 88' lang='lat' dir='ltr'><strong>i.</strong></span> <span class='ocrx_word' id='word_1_212' title='bbox 786 2083 814 2125; x_wconf 84' lang='lat' dir='ltr'><strong>s.</strong></span> <span class='ocrx_word' id='word_1_213' title='bbox 825 2068 857 2125; x_wconf 93' lang='lat' dir='ltr'><strong>in</strong></span> <span class='ocrx_word' id='word_1_214' title='bbox 871 2068 1079 2127; x_wconf 84' lang='lat' dir='ltr'><strong>adulescentia</strong></span> 
     </span>
     <span class='ocr_line' id='line_1_29' title="bbox 129 2139 1079 2212; baseline 0.002 -17"><span class='ocrx_word' id='word_1_215' title='bbox 129 2139 249 2197; x_wconf 85' lang='lat' dir='ltr'><strong>ductas.</strong></span> <span class='ocrx_word' id='word_1_216' title='bbox 267 2144 454 2197; x_wconf 71' lang='lat' dir='ltr'><strong>timueram</strong></span> <span class='ocrx_word' id='word_1_217' title='bbox 471 2141 560 2212; x_wconf 70' lang='lat' dir='ltr'><strong>tecit,</strong></span> <span class='ocrx_word' id='word_1_218' title='bbox 585 2150 613 2212; x_wconf 81' lang='lat' dir='ltr'><strong>et</strong></span> <span class='ocrx_word' id='word_1_219' title='bbox 631 2141 779 2197; x_wconf 83' lang='lat' dir='ltr'><strong>residuum</strong></span> <span class='ocrx_word' id='word_1_220' title='bbox 796 2140 914 2210; x_wconf 79' lang='lat' dir='ltr'><strong>spiritus</strong></span> <span class='ocrx_word' id='word_1_221' title='bbox 929 2141 990 2211; x_wconf 79' lang='lat' dir='ltr'><strong>ejus</strong></span> <span class='ocrx_word' id='word_1_222' title='bbox 1008 2142 1079 2197; x_wconf 76' lang='lat' dir='ltr'><strong>est?</strong></span> 
     </span>
     <span class='ocr_line' id='line_1_30' title="bbox 133 2211 1080 2285; baseline 0.003 -17"><span class='ocrx_word' id='word_1_223' title='bbox 133 2212 251 2285; x_wconf 75' lang='lat' dir='ltr'><strong>iitqeid</strong></span> <span class='ocrx_word' id='word_1_224' title='bbox 263 2217 335 2269; x_wconf 71' lang='lat' dir='ltr'><strong>mim</strong></span> <span class='ocrx_word' id='word_1_225' title='bbox 347 2213 468 2284; x_wconf 75' lang='lat' dir='ltr'><strong>querit,</strong></span> <span class='ocrx_word' id='word_1_226' title='bbox 482 2214 539 2269; x_wconf 81' lang='lat' dir='ltr'><strong>nisi</strong></span> <span class='ocrx_word' id='word_1_227' title='bbox 549 2228 645 2269; x_wconf 76' lang='lat' dir='ltr'><strong>senen</strong></span> <span class='ocrx_word' id='word_1_228' title='bbox 656 2213 730 2269; x_wconf 71' lang='lat' dir='ltr'><strong>Dei?</strong></span> <span class='ocrx_word' id='word_1_229' title='bbox 748 2211 834 2282; x_wconf 80' lang='lat' dir='ltr'><strong>(ibid.</strong></span> <span class='ocrx_word' id='word_1_230' title='bbox 847 2226 876 2271; x_wconf 82' lang='lat' dir='ltr'><strong>v.</strong></span> <span class='ocrx_word' id='word_1_231' title='bbox 896 2213 956 2281; x_wconf 81' lang='grc' dir='ltr'><strong>ι5.)</strong></span> <span class='ocrx_word' id='word_1_232' title='bbox 971 2214 1080 2271; x_wconf 83' lang='lat' dir='ltr'><strong>Nonne</strong></span> 
     </span>
     <span class='ocr_line' id='line_1_31' title="bbox 133 2282 1080 2346; baseline 0.005 -8"><span class='ocrx_word' id='word_1_233' title='bbox 133 2282 215 2340; x_wconf 86' lang='lat' dir='ltr'><strong>idem</strong></span> <span class='ocrx_word' id='word_1_234' title='bbox 225 2286 307 2346; x_wconf 84' lang='lat' dir='ltr'><strong>neus</strong></span> <span class='ocrx_word' id='word_1_235' title='bbox 319 2284 466 2343; x_wconf 77' lang='lat' dir='ltr'><strong>feminam</strong></span> <span class='ocrx_word' id='word_1_236' title='bbox 475 2293 506 2342; x_wconf 86' lang='lat' dir='ltr'><strong>et</strong></span> <span class='ocrx_word' id='word_1_237' title='bbox 517 2298 636 2344; x_wconf 87' lang='lat' dir='ltr'><strong>marem</strong></span> <span class='ocrx_word' id='word_1_238' title='bbox 648 2284 810 2342; x_wconf 69' lang='lat' dir='ltr'><strong>condidit?</strong></span> <span class='ocrx_word' id='word_1_239' title='bbox 825 2296 929 2342; x_wconf 87' lang='lat' dir='ltr'><strong>nonne</strong></span> <span class='ocrx_word' id='word_1_240' title='bbox 941 2285 1080 2343; x_wconf 85' lang='lat' dir='ltr'><strong>animam</strong></span> 
     </span>
     <span class='ocr_line' id='line_1_32' title="bbox 126 2354 1080 2428; baseline 0.006 -19"><span class='ocrx_word' id='word_1_241' title='bbox 126 2354 162 2410; x_wconf 72' lang='lat' dir='ltr'><strong>vsi</strong></span> <span class='ocrx_word' id='word_1_242' title='bbox 172 2354 333 2428; x_wconf 78' lang='lat' dir='ltr'><strong>inspiravit</strong></span> <span class='ocrx_word' id='word_1_243' title='bbox 343 2356 551 2418; x_wconf 79' lang='lat' dir='ltr'><strong>immortalem</strong></span> <span class='ocrx_word' id='word_1_244' title='bbox 562 2372 650 2427; x_wconf 83' lang='lat' dir='ltr'><strong>aeque</strong></span> <span class='ocrx_word' id='word_1_245' title='bbox 662 2370 699 2415; x_wconf 84' lang='lat' dir='ltr'><strong>ac</strong></span> <span class='ocrx_word' id='word_1_246' title='bbox 711 2357 802 2414; x_wconf 70' lang='lat' dir='ltr'><strong>viro?</strong></span> <span class='ocrx_word' id='word_1_247' title='bbox 818 2368 922 2413; x_wconf 90' lang='lat' dir='ltr'><strong>nonne</strong></span> <span class='ocrx_word' id='word_1_248' title='bbox 936 2364 1080 2416; x_wconf 89' lang='lat' dir='ltr'><strong>sanctum</strong></span> 
     </span>
    </p>
   </div>
   <div class='ocr_carea' id='block_1_5' title="bbox 50 2427 1082 2502">
    <p class='ocr_par' dir='ltr' id='par_1_8' title="bbox 50 2427 1082 2502">
     <span class='ocr_line' id='line_1_33' title="bbox 50 2427 1082 2502; baseline 0.006 -21"><span class='ocrx_word' id='word_1_249' title='bbox 50 2493 54 2502; x_wconf 41' lang='grc'>,</span> <span class='ocrx_word' id='word_1_250' title='bbox 131 2428 257 2499; x_wconf 79' lang='lat' dir='ltr'><strong>necque</strong></span> <span class='ocrx_word' id='word_1_251' title='bbox 281 2428 405 2499; x_wconf 76' lang='lat' dir='ltr'><strong>dignam</strong></span> <span class='ocrx_word' id='word_1_252' title='bbox 426 2428 562 2486; x_wconf 79' lang='lat' dir='ltr'><strong>sobolem</strong></span> <span class='ocrx_word' id='word_1_253' title='bbox 580 2429 664 2485; x_wconf 87' lang='lat' dir='ltr'><strong>idem</strong></span> <span class='ocrx_word' id='word_1_254' title='bbox 682 2429 749 2499; x_wconf 85' lang='lat' dir='ltr'><strong>ipse</strong></span> <span class='ocrx_word' id='word_1_255' title='bbox 766 2427 920 2486; x_wconf 83' lang='lat' dir='ltr'><strong>desiderat</strong></span> <span class='ocrx_word' id='word_1_256' title='bbox 939 2444 957 2486; x_wconf 86' lang='lat' dir='ltr'><strong>a</strong></span> <span class='ocrx_word' id='word_1_257' title='bbox 978 2436 1082 2487; x_wconf 83' lang='lat' dir='ltr'><strong>matre</strong></span> 
     </span>
    </p>
   </div>
   <div class='ocr_carea' id='block_1_6' title="bbox 78 2497 1081 3650">
    <p class='ocr_par' dir='ltr' id='par_1_9' title="bbox 78 2497 1081 3650">
     <span class='ocr_line' id='line_1_34' title="bbox 123 2497 1079 2585; baseline 0.007 -32"><span class='ocrx_word' id='word_1_258' title='bbox 123 2511 194 2556; x_wconf 84' lang='lat' dir='ltr'><strong>non</strong></span> <span class='ocrx_word' id='word_1_259' title='bbox 214 2497 343 2567; x_wconf 85' lang='lat' dir='ltr'><strong>minus,</strong></span> <span class='ocrx_word' id='word_1_260' title='bbox 361 2515 455 2571; x_wconf 86' lang='lat' dir='ltr'><strong>quam</strong></span> <span class='ocrx_word' id='word_1_261' title='bbox 474 2516 490 2557; x_wconf 92' lang='lat' dir='ltr'><strong>a</strong></span> <span class='ocrx_word' id='word_1_262' title='bbox 507 2503 622 2572; x_wconf 69' lang='lat' dir='ltr'><strong>patre?</strong></span> <span class='ocrx_word' id='word_1_263' title='bbox 648 2498 782 2585; x_wconf 81' lang='lat' dir='ltr'><strong>AEqualis</strong></span> <span class='ocrx_word' id='word_1_264' title='bbox 801 2513 876 2570; x_wconf 76' lang='lat' dir='ltr'><strong>erqo</strong></span> <span class='ocrx_word' id='word_1_265' title='bbox 893 2499 1079 2576; x_wconf 87' lang='lat' dir='ltr'><strong>conditionis</strong></span> 
     </span>
     <span class='ocr_line' id='line_1_35' title="bbox 123 2571 1076 2645; baseline 0.002 -18"><span class='ocrx_word' id='word_1_266' title='bbox 123 2583 206 2645; x_wconf 85' lang='lat' dir='ltr'><strong>-cum</strong></span> <span class='ocrx_word' id='word_1_267' title='bbox 218 2571 284 2634; x_wconf 75' lang='lat' dir='ltr'><strong>sitis</strong></span> <span class='ocrx_word' id='word_1_268' title='bbox 296 2585 405 2630; x_wconf 88' lang='lat' dir='ltr'><strong>coram</strong></span> <span class='ocrx_word' id='word_1_269' title='bbox 423 2572 498 2640; x_wconf 88' lang='lat' dir='ltr'><strong>illo,</strong></span> <span class='ocrx_word' id='word_1_270' title='bbox 523 2574 576 2644; x_wconf 92' lang='lat' dir='ltr'><strong>qui</strong></span> <span class='ocrx_word' id='word_1_271' title='bbox 591 2586 672 2629; x_wconf 91' lang='lat' dir='ltr'><strong>unus</strong></span> <span class='ocrx_word' id='word_1_272' title='bbox 690 2573 833 2643; x_wconf 81' lang='lat' dir='ltr'><strong>idemque</strong></span> <span class='ocrx_word' id='word_1_273' title='bbox 846 2578 894 2629; x_wconf 90' lang='lat' dir='ltr'><strong>est</strong></span> <span class='ocrx_word' id='word_1_274' title='bbox 910 2573 1076 2642; x_wconf 84' lang='lat' dir='ltr'><strong>omnihus,</strong></span> 
     </span>
     <span class='ocr_line' id='line_1_36' title="bbox 78 2643 1079 2769; baseline 0.004 -72"><span class='ocrx_word' id='word_1_275' title='bbox 78 2719 81 2725; x_wconf 8' lang='lat' dir='ltr'>x</span> <span class='ocrx_word' id='word_1_276' title='bbox 123 2656 194 2767; x_wconf 58' lang='lat'><strong>3113</strong></span> <span class='ocrx_word' id='word_1_277' title='bbox 211 2643 330 2769; x_wconf 44' lang='lat' dir='ltr'><strong>gecione</strong></span> <span class='ocrx_word' id='word_1_278' title='bbox 347 2652 466 2703; x_wconf 87' lang='lat' dir='ltr'><strong>tantam</strong></span> <span class='ocrx_word' id='word_1_279' title='bbox 482 2645 597 2702; x_wconf 76' lang='lat' dir='ltr'><strong>inferre</strong></span> <span class='ocrx_word' id='word_1_280' title='bbox 613 2643 924 2717; x_wconf 81' lang='lat' dir='ltr'><strong>iniuriamuxoribus</strong></span> <span class='ocrx_word' id='word_1_281' title='bbox 943 2644 1000 2703; x_wconf 83' lang='lat' dir='ltr'><strong>riri</strong></span> <span class='ocrx_word' id='word_1_282' title='bbox 1022 2659 1079 2710; x_wconf 86' lang='lat' dir='ltr'><strong>au·¹</strong></span> 
     </span>
     <span class='ocr_line' id='line_1_37' title="bbox 154 2727 1063 2769; baseline -0.001 -1"><span class='ocrx_word' id='word_1_283' title='bbox 154 2727 211 2769; x_wconf 88' lang='lat' dir='ltr'><strong>cs</strong></span> <span class='ocrx_word' id='word_1_284' title='bbox 290 2755 292 2762; x_wconf 61' lang='grc'>,</span> <span class='ocrx_word' id='word_1_285' title='bbox 1061 2731 1063 2734; x_wconf 95' lang='grc'><strong><em>·</em></strong></span> 
     </span>
     <span class='ocr_line' id='line_1_38' title="bbox 127 2783 1079 2863; baseline -0.003 -15"><span class='ocrx_word' id='word_1_286' title='bbox 127 2833 131 2848; x_wconf 94' lang='grc'><strong>.</strong></span> <span class='ocrx_word' id='word_1_287' title='bbox 164 2783 184 2863; x_wconf 66' lang='grc' dir='ltr'><strong>,ὅ</strong></span> <span class='ocrx_word' id='word_1_288' title='bbox 197 2786 207 2852; x_wconf 84' lang='grc'><strong>)</strong></span> <span class='ocrx_word' id='word_1_289' title='bbox 222 2788 305 2846; x_wconf 79' lang='lat' dir='ltr'><strong>Unus</strong></span> <span class='ocrx_word' id='word_1_290' title='bbox 320 2802 378 2860; x_wconf 76' lang='lat' dir='ltr'><strong>pru</strong></span> <span class='ocrx_word' id='word_1_291' title='bbox 394 2788 505 2861; x_wconf 82' lang='lat' dir='ltr'><strong>primo.</strong></span> <span class='ocrx_word' id='word_1_292' title='bbox 523 2791 644 2846; x_wconf 79' lang='lat' dir='ltr'><strong>Factum</strong></span> <span class='ocrx_word' id='word_1_293' title='bbox 659 2797 702 2846; x_wconf 86' lang='lat' dir='ltr'><strong>est</strong></span> <span class='ocrx_word' id='word_1_294' title='bbox 715 2789 745 2844; x_wconf 83' lang='lat' dir='ltr'><strong>in</strong></span> <span class='ocrx_word' id='word_1_295' title='bbox 761 2787 900 2859; x_wconf 80' lang='lat' dir='ltr'><strong>vigesimo</strong></span> <span class='ocrx_word' id='word_1_296' title='bbox 910 2797 939 2843; x_wconf 88' lang='lat' dir='ltr'><strong>ct</strong></span> <span class='ocrx_word' id='word_1_297' title='bbox 958 2790 1079 2857; x_wconf 71' lang='lat' dir='ltr'><strong>septime</strong></span> 
     </span>
     <span class='ocr_line' id='line_1_39' title="bbox 125 2858 1076 2941; baseline -0.002 -25"><span class='ocrx_word' id='word_1_298' title='bbox 125 2870 210 2941; x_wconf 66' lang='lat' dir='ltr'><strong>enno</strong></span> <span class='ocrx_word' id='word_1_299' title='bbox 220 2897 232 2925; x_wconf 88' lang='lat'><strong><em>,</em></strong></span> <span class='ocrx_word' id='word_1_300' title='bbox 251 2859 281 2914; x_wconf 80' lang='lat' dir='ltr'><strong>t’at</strong></span> <span class='ocrx_word' id='word_1_301' title='bbox 301 2861 473 2932; x_wconf 79' lang='lat' dir='ltr'><strong>primo,‚t&#39;rt</strong></span> <span class='ocrx_word' id='word_1_302' title='bbox 491 2877 549 2917; x_wconf 82' lang='lat' dir='ltr'><strong>ena</strong></span> <span class='ocrx_word' id='word_1_303' title='bbox 566 2862 679 2928; x_wconf 78' lang='lat' dir='ltr'><strong>mensis.</strong></span> <span class='ocrx_word' id='word_1_304' title='bbox 697 2864 746 2917; x_wconf 71' lang='grc' dir='ltr'><strong>ΕΖ.</strong></span> <span class='ocrx_word' id='word_1_305' title='bbox 770 2871 849 2918; x_wconf 79' lang='lat' dir='ltr'><strong>xxix</strong></span> <span class='ocrx_word' id='word_1_306' title='bbox 873 2878 913 2929; x_wconf 76' lang='lat' dir='ltr'><strong>iq.</strong></span> <span class='ocrx_word' id='word_1_307' title='bbox 934 2858 993 2915; x_wconf 84' lang='lat' dir='ltr'><strong>hoc</strong></span> <span class='ocrx_word' id='word_1_308' title='bbox 1008 2866 1076 2928; x_wconf 83' lang='lat' dir='ltr'><strong>est,</strong></span> 
     </span>
     <span class='ocr_line' id='line_1_40' title="bbox 133 2929 1079 3002; baseline 0.004 -18"><span class='ocrx_word' id='word_1_309' title='bbox 133 2943 234 2996; x_wconf 78' lang='lat' dir='ltr'><strong>ptimo</strong></span> <span class='ocrx_word' id='word_1_310' title='bbox 247 2931 298 2988; x_wconf 87' lang='lat' dir='ltr'><strong>die</strong></span> <span class='ocrx_word' id='word_1_311' title='bbox 310 2933 426 2989; x_wconf 85' lang='lat' dir='ltr'><strong>mensis</strong></span> <span class='ocrx_word' id='word_1_312' title='bbox 439 2933 540 3002; x_wconf 86' lang='lat' dir='ltr'><strong>primi.</strong></span> <span class='ocrx_word' id='word_1_313' title='bbox 559 2934 652 2989; x_wconf 79' lang='lat' dir='ltr'><strong>Tertio</strong></span> <span class='ocrx_word' id='word_1_314' title='bbox 664 2948 780 2999; x_wconf 84' lang='lat' dir='ltr'><strong>mense,</strong></span> <span class='ocrx_word' id='word_1_315' title='bbox 802 2947 881 3000; x_wconf 82' lang='lat' dir='ltr'><strong>una,</strong></span> <span class='ocrx_word' id='word_1_316' title='bbox 902 2932 923 2986; x_wconf 88' lang='lat' dir='ltr'><strong>i.</strong></span> <span class='ocrx_word' id='word_1_317' title='bbox 936 2945 963 2985; x_wconf 89' lang='lat' dir='ltr'><strong>c.</strong></span> <span class='ocrx_word' id='word_1_318' title='bbox 979 2929 1079 2998; x_wconf 84' lang='lat' dir='ltr'><strong>prima</strong></span> 
     </span>
     <span class='ocr_line' id='line_1_41' title="bbox 121 3000 1080 3071; baseline 0.005 -16"><span class='ocrx_word' id='word_1_319' title='bbox 121 3000 203 3069; x_wconf 75' lang='lat' dir='ltr'><strong>die,</strong></span> <span class='ocrx_word' id='word_1_320' title='bbox 222 3005 335 3059; x_wconf 83' lang='lat' dir='ltr'><strong>mmsis.</strong></span> <span class='ocrx_word' id='word_1_321' title='bbox 361 3007 410 3061; x_wconf 78' lang='lat' dir='ltr'><strong>liz.</strong></span> <span class='ocrx_word' id='word_1_322' title='bbox 434 3015 513 3061; x_wconf 76' lang='lat' dir='ltr'><strong>xxxi</strong></span> <span class='ocrx_word' id='word_1_323' title='bbox 529 3023 550 3060; x_wconf 89' lang='grc' dir='ltr'><strong>ι.</strong></span> <span class='ocrx_word' id='word_1_324' title='bbox 577 3009 611 3060; x_wconf 85' lang='lat' dir='ltr'><strong>ln</strong></span> <span class='ocrx_word' id='word_1_325' title='bbox 630 3018 739 3061; x_wconf 89' lang='lat' dir='ltr'><strong>mense</strong></span> <span class='ocrx_word' id='word_1_326' title='bbox 760 3011 872 3071; x_wconf 78' lang='lat' dir='ltr'><strong>sextu,</strong></span> <span class='ocrx_word' id='word_1_327' title='bbox 895 3002 925 3058; x_wconf 93' lang='lat' dir='ltr'><strong>iu</strong></span> <span class='ocrx_word' id='word_1_328' title='bbox 949 3000 1080 3060; x_wconf 81' lang='lat' dir='ltr'><strong>dianna</strong></span> 
     </span>
     <span class='ocr_line' id='line_1_42' title="bbox 119 3071 1080 3147; baseline 0.005 -21"><span class='ocrx_word' id='word_1_329' title='bbox 119 3075 258 3132; x_wconf 84' lang='lat' dir='ltr'><strong>mensis.</strong></span> <span class='ocrx_word' id='word_1_330' title='bbox 271 3078 345 3147; x_wconf 79' lang='lat' dir='ltr'><strong>Aqq.</strong></span> <span class='ocrx_word' id='word_1_331' title='bbox 360 3086 373 3132; x_wconf 89' lang='grc' dir='ltr'>ι</span> <span class='ocrx_word' id='word_1_332' title='bbox 391 3094 414 3131; x_wconf 86' lang='grc' dir='ltr'><strong>ι.</strong></span> <span class='ocrx_word' id='word_1_333' title='bbox 429 3076 478 3133; x_wconf 89' lang='lat' dir='ltr'><strong>die</strong></span> <span class='ocrx_word' id='word_1_334' title='bbox 490 3076 589 3147; x_wconf 85' lang='lat' dir='ltr'><strong>prima</strong></span> <span class='ocrx_word' id='word_1_335' title='bbox 603 3076 680 3133; x_wconf 85' lang='lat' dir='ltr'><strong>sexti</strong></span> <span class='ocrx_word' id='word_1_336' title='bbox 691 3075 819 3134; x_wconf 87' lang='lat' dir='ltr'><strong>mensis.</strong></span> <span class='ocrx_word' id='word_1_337' title='bbox 830 3076 906 3130; x_wconf 86' lang='lat' dir='ltr'><strong>Nam</strong></span> <span class='ocrx_word' id='word_1_338' title='bbox 919 3071 1080 3141; x_wconf 79' lang='lat' dir='ltr'><strong>designato</strong></span> 
     </span>
     <span class='ocr_line' id='line_1_43' title="bbox 122 3142 1080 3220; baseline 0.001 -18"><span class='ocrx_word' id='word_1_339' title='bbox 122 3142 196 3211; x_wconf 57' lang='lat' dir='ltr'><strong>»iam</strong></span> <span class='ocrx_word' id='word_1_340' title='bbox 206 3148 323 3206; x_wconf 86' lang='lat' dir='ltr'><strong>mensis</strong></span> <span class='ocrx_word' id='word_1_341' title='bbox 336 3148 481 3214; x_wconf 88' lang='lat' dir='ltr'><strong>nomine,</strong></span> <span class='ocrx_word' id='word_1_342' title='bbox 496 3161 557 3220; x_wconf 89' lang='lat' dir='ltr'><strong>quo</strong></span> <span class='ocrx_word' id='word_1_343' title='bbox 573 3162 623 3205; x_wconf 85' lang='lat' dir='ltr'><strong>res</strong></span> <span class='ocrx_word' id='word_1_344' title='bbox 642 3148 770 3213; x_wconf 85' lang='lat' dir='ltr'><strong>accidit,</strong></span> <span class='ocrx_word' id='word_1_345' title='bbox 785 3146 888 3220; x_wconf 79' lang='lat' dir='ltr'><strong>dicere</strong></span> <span class='ocrx_word' id='word_1_346' title='bbox 901 3159 964 3201; x_wconf 89' lang='lat' dir='ltr'><strong>unu</strong></span> <span class='ocrx_word' id='word_1_347' title='bbox 976 3143 1080 3215; x_wconf 84' lang='lat' dir='ltr'><strong>aliquo</strong></span> 
     </span>
     <span class='ocr_line' id='line_1_44' title="bbox 119 3214 1077 3288; baseline 0.001 -17"><span class='ocrx_word' id='word_1_348' title='bbox 119 3214 183 3272; x_wconf 82' lang='lat' dir='ltr'><strong>die</strong></span> <span class='ocrx_word' id='word_1_349' title='bbox 193 3216 326 3288; x_wconf 82' lang='lat' dir='ltr'><strong>sactum,</strong></span> <span class='ocrx_word' id='word_1_350' title='bbox 348 3227 396 3277; x_wconf 85' lang='lat' dir='ltr'><strong>est</strong></span> <span class='ocrx_word' id='word_1_351' title='bbox 414 3219 491 3286; x_wconf 84' lang='lat' dir='ltr'><strong>nihil</strong></span> <span class='ocrx_word' id='word_1_352' title='bbox 503 3219 614 3280; x_wconf 86' lang='lat' dir='ltr'><strong>dicere.</strong></span> <span class='ocrx_word' id='word_1_353' title='bbox 628 3219 745 3278; x_wconf 80' lang='lat' dir='ltr'><strong>Eodem</strong></span> <span class='ocrx_word' id='word_1_354' title='bbox 757 3218 851 3274; x_wconf 87' lang='lat' dir='ltr'><strong>modo</strong></span> <span class='ocrx_word' id='word_1_355' title='bbox 869 3232 928 3273; x_wconf 85' lang='lat' dir='ltr'><strong>una</strong></span> <span class='ocrx_word' id='word_1_356' title='bbox 943 3216 1077 3283; x_wconf 87' lang='lat' dir='ltr'><strong>sabbati,</strong></span> 
     </span>
     <span class='ocr_line' id='line_1_45' title="bbox 118 3286 1078 3364; baseline 0.001 -21"><span class='ocrx_word' id='word_1_357' title='bbox 118 3292 165 3343; x_wconf 87' lang='lat' dir='ltr'><strong>-et</strong></span> <span class='ocrx_word' id='word_1_358' title='bbox 176 3302 236 3346; x_wconf 89' lang='lat' dir='ltr'><strong>una</strong></span> <span class='ocrx_word' id='word_1_359' title='bbox 250 3292 467 3359; x_wconf 86' lang='lat' dir='ltr'><strong>sabbatorum,</strong></span> <span class='ocrx_word' id='word_1_360' title='bbox 486 3299 534 3349; x_wconf 87' lang='lat' dir='ltr'><strong>est</strong></span> <span class='ocrx_word' id='word_1_361' title='bbox 544 3291 647 3362; x_wconf 82' lang='lat' dir='ltr'><strong>prima</strong></span> <span class='ocrx_word' id='word_1_362' title='bbox 656 3298 728 3364; x_wconf 83' lang='lat' dir='ltr'><strong>post</strong></span> <span class='ocrx_word' id='word_1_363' title='bbox 740 3289 899 3346; x_wconf 85' lang='lat' dir='ltr'><strong>sabbatum</strong></span> <span class='ocrx_word' id='word_1_364' title='bbox 913 3329 922 3356; x_wconf 87' lang='lat'><strong>,</strong></span> <span class='ocrx_word' id='word_1_365' title='bbox 944 3301 999 3344; x_wconf 87' lang='lat' dir='ltr'><strong>seu</strong></span> <span class='ocrx_word' id='word_1_366' title='bbox 1012 3286 1078 3344; x_wconf 87' lang='lat' dir='ltr'><strong>dies</strong></span> 
     </span>
     <span class='ocr_line' id='line_1_46' title="bbox 126 3361 418 3424; baseline 0.017 -9"><span class='ocrx_word' id='word_1_367' title='bbox 126 3368 241 3424; x_wconf 86' lang='lat' dir='ltr'><strong>¹nostra</strong></span> <span class='ocrx_word' id='word_1_368' title='bbox 254 3361 418 3422; x_wconf 87' lang='lat' dir='ltr'><strong>dominica.</strong></span> 
     </span>
     <span class='ocr_line' id='line_1_47' title="bbox 168 3431 1081 3508; baseline 0.005 -23"><span class='ocrx_word' id='word_1_369' title='bbox 168 3431 263 3489; x_wconf 76' lang='lat' dir='ltr'><strong>Unus.</strong></span> <span class='ocrx_word' id='word_1_370' title='bbox 278 3436 538 3503; x_wconf 58' lang='lat' dir='ltr'><strong>carantanorum</strong></span> <span class='ocrx_word' id='word_1_371' title='bbox 546 3435 655 3507; x_wconf 70' lang='lat' dir='ltr'><strong>affliget</strong></span> <span class='ocrx_word' id='word_1_372' title='bbox 663 3448 730 3499; x_wconf 90' lang='lat' dir='ltr'><strong>eos,</strong></span> <span class='ocrx_word' id='word_1_373' title='bbox 744 3432 928 3508; x_wconf 77' lang='lat' dir='ltr'><strong>qm‘rtesm&#39;mtt</strong></span> <span class='ocrx_word' id='word_1_374' title='bbox 940 3433 969 3487; x_wconf 77' lang='lat' dir='ltr'><strong>iri</strong></span> <span class='ocrx_word' id='word_1_375' title='bbox 981 3434 1081 3490; x_wconf 83' lang='lat' dir='ltr'><strong>urbem</strong></span> 
     </span>
     <span class='ocr_line' id='line_1_48' title="bbox 132 3504 1077 3577; baseline 0.003 -19"><span class='ocrx_word' id='word_1_376' title='bbox 132 3516 261 3573; x_wconf 77' lang='lat' dir='ltr'><strong>pergere.</strong></span> <span class='ocrx_word' id='word_1_377' title='bbox 276 3506 374 3564; x_wconf 81' lang='lat' dir='ltr'><strong>Eccle.</strong></span> <span class='ocrx_word' id='word_1_378' title='bbox 392 3518 413 3564; x_wconf 86' lang='grc' dir='ltr'><strong>ιι</strong></span> <span class='ocrx_word' id='word_1_379' title='bbox 428 3509 470 3563; x_wconf 86' lang='lat'><strong>15.</strong></span> <span class='ocrx_word' id='word_1_380' title='bbox 485 3508 631 3564; x_wconf 82' lang='lat' dir='ltr'><strong>Nesciunt</strong></span> <span class='ocrx_word' id='word_1_381' title='bbox 643 3505 881 3577; x_wconf 87' lang='lat' dir='ltr'><strong>adpropositum</strong></span> <span class='ocrx_word' id='word_1_382' title='bbox 896 3504 953 3560; x_wconf 84' lang='lat' dir='ltr'><strong>sihi</strong></span> <span class='ocrx_word' id='word_1_383' title='bbox 964 3504 1077 3572; x_wconf 81' lang='lat' dir='ltr'><strong>finem,</strong></span> 
     </span>
     <span class='ocr_line' id='line_1_49' title="bbox 133 3573 1078 3650; baseline 0.005 -21"><span class='ocrx_word' id='word_1_384' title='bbox 133 3573 185 3643; x_wconf 88' lang='lat' dir='ltr'><strong>qui</strong></span> <span class='ocrx_word' id='word_1_385' title='bbox 203 3573 331 3634; x_wconf 73' lang='lat' dir='ltr'><strong>felicium</strong></span> <span class='ocrx_word' id='word_1_386' title='bbox 347 3586 417 3648; x_wconf 87' lang='lat' dir='ltr'><strong>est,</strong></span> <span class='ocrx_word' id='word_1_387' title='bbox 442 3579 613 3649; x_wconf 78' lang='lat' dir='ltr'><strong>pervenire.</strong></span> <span class='ocrx_word' id='word_1_388' title='bbox 633 3577 689 3635; x_wconf 85' lang='lat' dir='ltr'><strong>vel</strong></span> <span class='ocrx_word' id='word_1_389' title='bbox 710 3576 815 3650; x_wconf 81' lang='lat' dir='ltr'><strong>accipe</strong></span> <span class='ocrx_word' id='word_1_390' title='bbox 830 3576 928 3633; x_wconf 88' lang='lat' dir='ltr'><strong>instar</strong></span> <span class='ocrx_word' id='word_1_391' title='bbox 950 3573 1049 3647; x_wconf 79' lang='lat' dir='ltr'><strong>adagii</strong></span> <span class='ocrx_word' id='word_1_392' title='bbox 1069 3591 1078 3634; x_wconf 75' lang='lat' dir='ltr'><strong>a</strong></span> 
     </span>
    </p>
   </div>
   <div class='ocr_carea' id='block_1_7' title="bbox 36 3644 457 3721">
    <p class='ocr_par' dir='ltr' id='par_1_10' title="bbox 36 3644 457 3721">
     <span class='ocr_line' id='line_1_50' title="bbox 36 3644 457 3721; baseline 0.01 -19"><span class='ocrx_word' id='word_1_393' title='bbox 36 3673 40 3682; x_wconf 69' lang='lat'><em>›</em></span> <span class='ocrx_word' id='word_1_394' title='bbox 131 3644 293 3706; x_wconf 84' lang='lat' dir='ltr'><strong>notissima</strong></span> <span class='ocrx_word' id='word_1_395' title='bbox 305 3647 457 3721; x_wconf 78' lang='lat' dir='ltr'><strong>ignoraus.</strong></span> 
     </span>
    </p>
   </div>
   <div class='ocr_carea' id='block_1_8' title="bbox 883 3720 938 3789">
    <p class='ocr_par' dir='ltr' id='par_1_11' title="bbox 883 3720 938 3789">
     <span class='ocr_line' id='line_1_51' title="bbox 883 3720 938 3789; baseline 0 -17"><span class='ocrx_word' id='word_1_396' title='bbox 883 3720 938 3789; x_wconf 84' lang='lat'><strong>¹7*</strong></span> 
     </span>
    </p>
   </div>
   <div class='ocr_carea' id='block_1_9' title="bbox 0 0 1245 4034">
    <p class='ocr_par' dir='ltr' id='par_1_12' title="bbox 0 0 1245 4034">
     <span class='ocr_line' id='line_1_52' title="bbox 0 0 1245 4034; baseline 0 0"><span class='ocrx_word' id='word_1_397' title='bbox 0 0 1245 4034; x_wconf 95' lang='lat' dir='ltr'><strong> </strong></span> 
     </span>
    </p>
   </div>
  </div>
 </body>
</html>
