2475 4034
150 116 235 194 '‘86'
458 121 614 192 Canens.
666 121 829 191 Cannar.

165 251 273 311 gerere
283 281 293 309 ,
304 238 448 309 adaptrnn
459 245 507 296 est
517 238 719 307 hebraicum,
735 237 1003 310 quo—significant,
1018 237 1120 298 disso-

131 357 136 370 .
159 313 229 370 luto
240 326 313 369 eum
323 320 447 381 torpore
460 326 496 368 ac
509 309 601 379 odio,
616 312 662 367 'ad
671 311 844 368 amicitiam
856 311 1019 371 incensum
1032 312 1079 368 iri.

156 415 159 420 ·
199 385 341 441 Cancuu.
362 383 589 456 Nunquidmcrc
604 398 660 454 ego
672 398 757 450 scm,
780 391 945 450 cctcetus,
971 385 1041 456 quia
1058 384 1120 440 cit·-

162 456 332 514 cutadedisti
343 457 543 512 mrccrcerci
563 455 632 512 lob.
648 465 695 512 v1t
712 473 752 511 ra.
774 455 824 511 nit
841 456 889 513 vit
908 463 1057 523 sanctus,
1085 471 1121 513 se

155 544 254 602 eaeque
263 529 530 598 moresuperbum,
556 542 648 597 oeque
666 528 930 583 tmmaaerncatcm
948 527 1064 597 fuisse,
1087 538 1121 584 ut

157 600 301 729 'ilissrbl'oe
321 609 408 673 atque
428 599 544 656 sevitio
567 607 668 654 tuntas
689 615 786 669 peenas
808 599 880 655 darc
898 600 1050 667 dedanim
1077 600 1121 660 ita

163 688 199 731 so
229 671 384 729 rtissimus
398 671 468 728 lobi
479 671 685 743 interpretum
696 712 704 738 ‚
715 675 852 729 loannes
865 671 991 739 Pineda,
1005 674 1121 730 Neutro

162 744 294 802 crimine
303 744 335 798 iu
348 742 523 813 principatu
536 757 570 800 se
581 744 737 799 meruisse
747 743 843 810 dicit,
863 751 898 799 ut
914 743 1119 801 amarissimis

163 815 305 872 dolorum
315 814 517 882 nocuisset
526 814 671 886 procellis
681 814 996 882 erumnarum,iutra
1006 816 1120 872 vestis·

156 886 241 944 sima
253 884 355 944 littora
368 896 421 946 tau
444 901 517 946 uam
535 901 695 946 carcerem
709 902 803 945 suum
816 887 915 944 libere
926 886 1120 945 tumultuan-

156 958 264 1025 tibus,
280 902 482 1028 aragonius
495 958 680 1016 traderetur.

197 1031 353 1090 cursus·
387 1031 640 1091 Pretiusissmum
668 1046 762 1089 suum
789 1030 942 1089 ferculum
971 1030 1118 1088 salomon

161 1103 258 1159 medic
269 1104 396 1162 caritate
407 1103 578 1160 constravit.
604 1105 692 1160 Cant
708 1115 748 1160 111
768 1123 809 1159 ιο.
823 1103 933 1171 idest,
955 1104 1119 1160 rebusca-

162 1174 311 1243 rissimis,
330 1175 482 1244 gemmis,
503 1189 572 1246 quae
589 1175 676 1244 diligi
694 1177 830 1232 maxime
844 1175 966 1242 solenti
987 1175 1118 1232 fortasse

161 1247 306 1317 pompis,
324 1245 508 1303 inflammati
520 1247 637 1303 amoris
648 1247 787 1317 speciem
799 1246 1014 1306 referentibus.

196 1319 379 1373 Caeneum.
402 1316 661 1374 Delitescentibus
673 1317 707 1375 in
724 1322 851 1389 AEgypto
866 1318 981 1376 tudaeis
997 1318 1118 1375 cladem

158 1388 368 1444 certissimam
390 1391 472 1444 Deus
491 1388 670 1460 praedicit,
698 1404 715 1445 a
737 1390 888 1448 ubatdeis
910 1389 1114 1446 inserendam.

161 1460 230 1516 Vtro
246 1474 320 1529 ego,
339 1458 433 1530 inquit
451 1464 511 1514 ilex
519 1496 530 1525 ,
553 1459 693 1514 Dominio
712 1461 894 1516 exercituum
909 1476 1014 1516 nornen
1032 1462 1117 1531 ejus,

154 1531 297 1603 quomam
317 1530 393 1586 sicut
414 1531 527 1586 Tbubor
547 1530 577 1586 ln
589 1530 755 1598 montibus,
772 1542 802 1588 ct
822 1533 898 1588 sicut
915 1533 1069 1592 camelos
1088 1534 1118 1587 ist

159 1603 239 1658 mari
248 1640 260 1669 ,
276 1602 549 1660 rusiccadensis!
565 1603 607 1657 ιθ.
631 1601 746 1660 Obvius
760 1617 871 1659 sensus
889 1610 955 1668 est,
974 1611 1037 1659 tum
1051 1617 1117 1658 cer·

159 1681 225 1732 tam
249 1681 280 1731 et
301 1672 504 1745 conspicuam
521 1672 691 1734 incredulis
710 1675 834 1745 plagam
846 1674 1013 1732 imminere
1026 1689 1044 1729 a
1058 1676 1118 1730 Na·

159 1746 446 1812 bucbodonosore‚
475 1757 570 1816 quam
595 1744 757 1815 conspicui
785 1753 858 1802 sunt
883 1745 1010 1802 Thabor
1036 1744 1118 1801 iuter

159 1825 307 1886 montes‚·
320 1824 352 1875 et
376 1817 457 1874 iuter
484 1815 697 1902 promontoria
718 1816 888 1876 carmelus.
913 1816 975 1874 sed
996 1816 1115 1874 acutius

159 1890 208 1948 vir
226 1889 370 1948 acerrimi
389 1888 507 1958 ingenti
524 1890 661 1946 lounnes
685 1889 822 1954 Mariana
845 1904 855 1946 t
877 1888 977 1957 sicut,
996 1888 1115 1960 inquit,

158 1962 316 2019 venationi
336 1960 513 2032 aptissimus
526 1961 653 2020 'rbabor
665 1969 732 2029 est,
751 1974 843 2018 mons
857 1973 1069 2029 nemorosus,
1086 1968 1118 2016 et

153 2032 405 2090 ⁴ieris-abundans
424 2048 432 2089 :
452 2032 494 2089 ita
505 2034 647 2104 copiosas
660 2034 776 2091 ebonis
789 2033 901 2090 vestris
913 2032 1034 2104 praedas
1049 2041 1119 2102 aget

157 2118 217 2163 rex
237 2105 397 2162 Chaldoeus
418 2119 427 2161 t
449 2112 480 2160 et
498 2119 592 2174 quam
612 2104 758 2163 celeriter
782 2104 956 2163 evehuntur
980 2118 1075 2163 naves
1098 2120 1118 2162 e

160 2176 296 2235 carmeli
314 2176 476 2235 arboribus
494 2175 671 2247 fabricatae,
691 2185 757 2235 tam
772 2178 835 2235 cito
850 2176 903 2233 ille
915 2190 971 2235 vos
982 2184 1023 2233 et
1043 2190 1117 2249 ,opes

49 2225 53 2234 ⁴
154 2257 279 2307 uestras
290 2249 324 2305 in
336 2248 538 2320 Babyloniam
551 2249 682 2306 auleret.

195 2323 231 2389 2)
253 2320 412 2378 Carmelus
433 2319 606 2387 allegorice.
631 2324 786 2376 Lucerum
804 2321 932 2392 specioso
946 2329 1115 2391 pasterum,

159 2399 190 2448 el
203 2394 367 2448 exsiccatus
388 2400 431 2447 est
451 2400 552 2447 certes
575 2392 710 2448 cattarii.
736 2395 831 2450 Amos
854 2401 867 2447 t
888 2387 913 2447 al
927 2392 1114 2463 Propheta,

158 2471 266 2590 futur
287 2463 354 2533 ipse
378 2461 563 2531 Thecuites,
592 2462 741 2534 pastorali
763 2461 908 2532 allegoria
933 2463 1118 2530 praenuutiat

173 2547 239 2592 tem
250 2534 325 2601 Dei,
345 2534 483 2589 Durnittcs
496 2534 530 2589 cle
548 2535 616 2591 Sion
631 2535 747 2605 rugiet,
764 2533 838 2590 ibid.
852 2533 1050 2592 eversionem
1062 2547 1116 2603 po·

153 2604 242 2676 puli,
265 2618 374 2674 regunt
394 2613 425 2661 et
453 2605 636 2674 optimatum
660 2606 826 2664 excidium.
858 2608 931 2661 Erat
950 2604 1114 2663 Carmelus

118 2727 122 2732 .
152 2689 250 2737 mons
263 2676 510 2747 speciosissimus
523 2692 561 2734 uc
573 2676 792 2735 feralissimus.

155 2781 159 2790 .
195 2748 229 2815 ii)
251 2748 410 2805 Carmelus
429 2750 510 2818 repis
534 2750 753 2807 Sennacherib.
773 2747 893 2807 Dicitur
913 2749 995 2806 Deus
1018 2747 1115 2805 instar
1140 2769 1143 2774 ·

159 2819 291 2876 bammae
308 2820 494 2877 incensurus
515 2822 662 2894 Assyrias.
673 2822 786 2893 spinas
806 2829 837 2878 et
858 2835 988 2890 vepres,
1015 2820 1057 2876 ita
1082 2829 1118 2876 ut

149 2892 258 2949 semel
279 2899 384 2962 pereat
405 2893 504 3020 picria
524 2895 618 2951 saltus
643 2895 728 2966 ejus,
746 2902 775 2950 et
791 2893 910 2950 comacli
928 2892 1014 2963 ejtts3
1038 2891 1116 2949 adeo

150 2964 306 3035 quidem,
326 2972 362 3020 ut
372 2980 409 3022 ve
435 2979 513 3035 puer
534 2981 702 3026 numerare
720 2966 819 3038 possit
833 2965 972 3026 residuas
990 2964 1116 3021 arbores

154 3038 172 3105 >i
185 3036 329 3108 reliquias
342 3037 495 3094 exercitus
509 3040 519 3101 i
532 3046 563 3095 et
575 3046 677 3095 totum
688 3052 798 3098 earum
811 3050 940 3095 censum
953 3050 1114 3107 parspere.

159 3107 200 3164 ls.
220 3119 288 3178 x17
303 3123 368 3180 sqq.
399 3110 549 3166 Carmelus
569 3108 743 3180 hocloco,
768 3110 833 3168 sive
846 3123 960 3166 nomen
981 3107 1022 3164 sit
1044 3122 1118 3178 pro·

159 3180 263 3251 prium
278 3180 413 3247 montis,
438 3180 503 3240 sive
520 3180 744 3265 appellativum
757 3182 819 3241 loci
830 3180 968 3251 cujusvis
982 3181 1115 3248 amoeni,

150 3251 343 3323 ‘opulentum
366 3251 588 3309 Sennachertbi
606 3254 780 3311 exercitum
793 3253 968 3322 significat,
990 3262 1118 3324 propser

160 3324 297 3393 speciem
311 3324 349 3379 ad
367 3332 526 3394 aspectum
539 3323 723 3393 praeciaram
746 3341 754 3381 :
778 3325 859 3381 sicut
871 3325 975 3390 idem,
988 3331 1116 3394 proptor

158 3392 280 3463 insigne
293 3395 453 3465 copiarum
466 3396 578 3462 robur,
600 3395 696 3452 saltus
710 3396 891 3467 appellatur.
1072 3431 1077 3442 ·

195 3465 341 3538 cannen.
363 3466 443 3522 Dedit
462 3468 596 3524 coracino
620 3468 652 3521 in
671 3477 763 3523 nocte.
787 3467 846 3523 Job
861 3477 948 3522 xxxv
967 3483 1008 3520 10.
1031 3464 1114 3521 varii

156 3535 254 3589 varia.
280 3536 499 3594 Piatrissimum
512 3535 572 3597 boc
582 3538 707 3597 videtur
722 3554 730 3596 ε
744 3540 827 3594 Deus
838 3537 932 3593 etiam
944 3536 976 3593 in
989 3534 1114 3593 calami·

158 3608 263 3683 tatum,
276 3615 367 3662 nocte
384 3608 521 3666 laetitiam
542 3617 575 3667 et
595 3610 718 3668 cantica
737 3608 931 3668 confirmatis
950 3606 1114 3665 hominum

160 3683 270 3752 animis
290 3676 390 3742 (inter
402 3692 479 3749 quos
497 3682 565 3753 ipse
580 3682 718 3745 maxime
728 3681 846 3751 lubus,
866 3679 988 3738 divinus
1000 3681 1111 3749 politti

160 3738 270 3798 indrdrt
281 3751 311 3799 et
322 3744 492 3819 inspiravit.

1231 2945 1237 2982 i

1234 3037 1236 3066 t

1225 3789 1233 3990 i
