2475 4034
177 80 247 166 χαί,
337 69 339 74 ’
515 74 598 139 Han.
648 69 769 138 Hono.

207 196 281 252 litu.
304 192 453 250 Mensura
464 186 664 261 liquidorum
686 183 1129 256 complectebaturduotiecim

108 257 111 270 '
172 266 280 334 logos,
293 264 313 319 i.
329 279 357 319 e.
373 279 407 331 72
425 276 499 328 ova,
513 268 549 315 ut
561 259 648 315 aiunt
660 257 837 316 Talmudici
856 274 863 316 :
885 261 1040 331 siquidem
1053 264 1130 335 logis
1150 259 1156 270 ’

173 335 305 405 singulis
319 346 378 393 ova
392 345 467 390 sena
478 332 631 406 tribuunt.-

209 410 341 466 lilttnto.
376 404 545 463 vociferor.
577 405 613 457 ln
638 412 774 459 moerore
794 401 879 459 idem
901 411 949 460 est
972 418 1010 461 ac
1032 404 1127 464 ululo.

172 479 262 538 iliani
280 493 348 535 voce
366 486 446 543 tua,
465 476 527 546 stila
545 473 673 531 eottim:
694 473 811 529 attende
830 473 933 542 intra,
956 483 1131 545 paupercula

172 552 330 609 Anathotla.
353 551 394 606 is.
418 559 440 604 x
457 549 502 604 ὅσ.
526 546 612 603 illula
634 558 654 602 o
671 545 782 602 Gallim
801 545 876 602 urbs
892 543 901 601 i
925 562 1001 605 cave
1019 548 1129 619 Laiaa,

172 632 269 694 tuque
282 636 302 679 o
313 629 407 677 tenue
416 618 600 691 oppidulum
613 617 788 685 anathoth,
802 617 940 674 irruente
956 620 1132 678 sennache-

173 693 251 751 ribo.
279 695 314 749 lu
333 692 425 750 rebus
445 691 523 747 laetis
535 699 584 747 est
596 690 757 757 exultare,
776 688 990 747 etelamorem
1002 691 1132 751 hilarem

173 766 278 823 edere.
299 764 414 821 Hinnite
430 774 537 820 contra
555 770 644 834 capnt
662 762 805 833 gratiam.
823 763 887 818 ier.
902 767 981 828 xxxi
998 779 1023 831 7.
1045 763 1134 824 Exul·
1165 785 1170 792 ·

173 845 236 895 tate
256 837 290 893 in
306 844 477 907 conspectu
498 835 639 906 gentium
658 851 674 900 ;·
694 847 802 892 coram
815 833 986 905 precipuis
1002 848 1131 904 eorum,

174 909 228 979 otti
254 909 328 965 deos
351 909 489 965 adoraui.
520 907 620 974 iliani,
645 918 708 984 qna
727 921 786 961 aton
807 906 950 976 pariebas.
977 907 1016 961 is.
1031 917 1088 974 uv
1106 923 1129 964 r.

173 979 346 1040 Ecclesiam
363 980 502 1049 gentium
520 978 626 1037 latitia
648 975 762 1047 gestire
784 976 887 1049 jubat,
907 975 1045 1036 sterilem
1062 984 1135 1036 ante

173 1052 287 1109 christi
301 1051 412 1121 sponsi
426 1052 612 1117 adventum,
635 1050 781 1120 deinceps
800 1063 876 1106 vero
898 1048 996 1106 multo
1010 1049 1133 1110 loecun-

174 1125 296 1182 (liorem
313 1126 474 1194 synagoga
484 1124 630 1179 laturam.
646 1121 783 1177 ilianiont
795 1122 829 1175 tle
842 1121 927 1175 anari.
944 1124 981 1176 is.
995 1132 1076 1178 xxiv
1088 1124 1129 1186 rt.

173 1196 362 1260 linultabunt
376 1194 556 1266 alienigene
569 1202 600 1254 et
617 1193 820 1256 transmarini
839 1190 967 1265 popum
985 1208 1003 1250 a
1022 1194 1133 1256 Massia

175 1268 293 1324 vocati.
689 1291 691 1300 ι

210 1342 344 1397 illucue.
367 1342 407 1396 Sa
426 1354 459 1395 er
477 1338 572 1394 hircos
585 1337 718 1397 visitabo.
744 1336 836 1395 zach.
860 1348 882 1394 x
904 1336 930 1392 5.
951 1337 1133 1410 chaldaice,

174 1411 340 1482 principes.
355 1355 452 1468 Mafos
465 1409 571 1481 popuii
584 1410 682 1486 duces
694 1418 725 1466 et
734 1418 875 1480 pastores
889 1409 1033 1481 plectam.

213 1484 296 1540 noe.
319 1483 521 1542 Somniorum
540 1495 619 1538 vana
636 1480 713 1538 fides
732 1488 806 1538 est:
827 1480 900 1551 quia
912 1483 965 1537 ltoc
978 1481 1137 1539 secundam

175 1554 310 1611 tarvisio
326 1554 516 1609 somniorum.
536 1552 631 1609 liceii.
651 1563 753 1613 xxxiv
770 1553 799 1607 «ὅ.
822 1552 988 1610 Somnium
1007 1567 1070 1612 non
1088 1562 1137 1613 est

175 1641 247 1696 res,
266 1625 420 1700 aetimare
432 1626 556 1695 imagm
576 1633 624 1681 est
641 1623 702 1680 hoo
720 1624 793 1680 huic
809 1623 930 1691 simile,
953 1633 988 1680 ut
999 1625 1137 1683 hominia

175 1698 280 1766 imago
292 1698 326 1752 in
339 1712 418 1768 aqua
430 1695 479 1755 vel
493 1696 622 1766 speculo
630 1710 694 1754 non
703 1704 752 1754 est
765 1696 860 1754 homo
870 1734 881 1764 ‚
893 1696 949 1752 sed
959 1697 1147 1757 secuudum.

176 1770 355 1839 hominem,
374 1768 579 1827 simulacrum
591 1767 728 1825 hominis
746 1769 847 1826 inane.
908 1799 913 1806 ·

214 1845 333 1900 licum.
356 1845 449 1898 Pater
464 1849 598 1898 aeteruus
613 1841 653 1897 atl
664 1840 777 1902 Filium
786 1838 936 1900 Divinum
954 1858 961 1899 ε
981 1845 1044 1914 ligo
1055 1842 1139 1899 todia

176 1914 267 1985 penei
279 1922 316 1971 te.
341 1916 389 1970 Ps.
405 1924 433 1970 11
452 1933 477 1983 7.
499 1913 627 1983 Triplex
640 1921 688 1969 est
705 1912 783 1969 illud
794 1911 887 1970 hodie
908 1932 917 1981 3
934 1913 1002 1971 (lies
1013 1914 1139 1971 aeterni-

178 1987 268 2054 tatis,
291 1993 383 2045 uocte
395 2000 525 2054 careus.
546 1997 607 2056 qua
630 1988 721 2046 Pater
740 1985 855 2046 Filium
872 1991 1002 2057 semper
1018 1985 1139 2055 gignit3

179 2057 266 2125 dies,
285 2072 345 2128 qua
363 2058 501 2116 verbum
520 2065 665 2118 naturam
686 2058 856 2116 humanam
876 2057 1029 2125 assumit3
1048 2056 1137 2126 ties,

181 2144 243 2200 qua
256 2129 396 2187 christus
416 2130 571 2187 redivivus
588 2144 607 2187 e
626 2129 747 2187 rumulo
769 2130 881 2201 proiit.
903 2133 949 2186 lte
965 2129 1066 2199 primo
1080 2128 1142 2185 iro-

182 2216 256 2261 rum
272 2201 395 2262 dierum
414 2202 577 2272 exponitur
593 2201 841 2260 allatus’llavieiis
855 2201 942 2259 iocus
956 2201 1048 2258 liebr.
1075 2201 1139 2263 15,

181 2274 221 2331 de
239 2273 338 2331 altero
351 2272 443 2331 liebr.
459 2285 480 2330 v
494 2275 526 2341 5,
547 2274 586 2330 da
600 2261 712 2330 ultimo
725 2277 792 2330 net.
810 2284 872 2330 xnr
890 2273 935 2329 aa.
955 2273 1140 2332 Memorabi-

181 2345 342 2401 liasimum
354 2345 549 2415 exemplum,
569 2357 663 2414 posse
675 2345 783 2401 eadem
797 2339 898 2402 nivini
912 2344 1032 2412 codicis
1045 2345 1140 2402 verba

180 2415 297 2472 habere
311 2413 406 2482 duos,
426 2415 475 2474 vel
487 2415 582 2470 etiam
594 2415 699 2485 plures
714 2429 823 2471 seusus
834 2456 843 2483 ,
854 2427 943 2485 aeque
953 2413 1140 2484 primarios,

174 2494 212 2552 ot
222 2500 317 2556 aque
331 2501 346 2541 a
361 2485 476 2555 spiritu
489 2487 602 2543 Sancto
613 2486 757 2542 intentos.

217 2558 255 2627 a)
278 2557 377 2615 Hodie
389 2562 420 2611 et
432 2570 511 2614 cras.
534 2559 623 2622 Ecce,
643 2555 743 2627 inquit
760 2553 898 2626 Christus
914 2597 922 2622 ,
940 2555 1022 2625 ejicio
1035 2555 1142 2612 demo-

181 2629 251 2696 nia,
263 2637 293 2684 et
301 2627 443 2683 saturatas
454 2627 571 2698 perficio
583 2626 707 2684 toalea
719 2642 807 2697 cras,
824 2626 911 2684 breui
923 2634 1063 2696 tempore
1083 2646 1091 2693 ;
1112 2638 1143 2684 et

183 2702 280 2825 tertio5
297 2701 341 2757 tiie
362 2714 549 2757 consummor·
562 2740 573 2767 ,
588 2696 695 2770 paulo
721 2708 791 2770 post
809 2709 834 2762 a
851 2698 912 2757 vita
931 2699 1042 2771 migro.
1063 2702 1140 2758 Luc.

182 2783 245 2830 xtra
283 2790 309 2829 a.
990 2825 994 2832 .

217 2847 468 2903 ilotocnusruu
487 2852 518 2902 et
535 2846 803 2906 uouocauroua
833 2844 949 2922 uraca.
976 2843 1137 2914 Victima,

151 2973 158 2988 ,
184 2925 325 2989 quatota
339 2918 547 2976 cremabatur.
714 2943 719 2952 ·
774 2939 779 2946 r
809 2953 814 2962 ·
936 2961 940 2966 .

152 3049 155 3058 ί
218 2991 332 3047 Hono.
354 2990 500 3057 ludices,
520 3003 560 3046 ne
575 2988 682 3060 inique
701 2989 870 3059 irrugantur
882 2988 1005 3050 allicio,
1030 2988 1076 3050 sic
1089 2988 1145 3045 arl-

183 3069 290 3119 munet
304 3061 451 3132 propheta
463 3062 567 3132 Asaph
586 3077 596 3118 t
617 3061 666 3117 Dii
683 3062 769 3129 ants,
784 3071 822 3118 et·
836 3055 889 3133 [aiii
906 3062 1011 3118 excelsi
1029 3076 1141 3117 oatnes.

185 3136 239 3190 Vos
253 3144 353 3190 autem
368 3134 443 3190 sicut
461 3136 588 3190 hominos
597 3127 780 3202 moriemini,
793 3141 827 3189 et
836 3136 913 3206 ‘sicut
923 3147 999 3191 anes
1012 3134 1047 3189 de
1058 3134 1146 3205 priu-

184 3205 291 3276 cipilns
303 3207 420 3264 coatia.
438 3208 487 3268 Pa.
503 3215 604 3263 uxxn1
618 3206 637 3259 6
650 3219 696 3278 sq.
711 3206 850 3263 Tametsi
862 3205 948 3265 velut
959 3205 1088 3282 quidam
1101 3204 1147 3261 dii

184 3277 265 3335 iuter
278 3278 419 3336 homines
433 3278 593 3335 constituti
608 3278 705 3346 eatis,
724 3285 756 3335 et
768 3279 806 3335 ab
822 3277 1093 3336 altissimoomnes
1109 3283 1148 3332 ut

184 3348 358 3418 peculiares
369 3347 600 3420 nobilioresque
615 3349 670 3406 lilii
684 3350 820 3420 adoptati
834 3365 843 3407 :
857 3349 1061 3410 nihilominus
1075 3347 1148 3406 dies

186 3420 284 3477 aderit
296 3464 304 3490 ,
319 3436 379 3493 qua
391 3421 442 3479 vel
454 3423 518 3480 into
528 3428 633 3480 vestro
646 3429 682 3477 ut
689 3422 771 3480 imus
783 3422 913 3505 «pirisque
923 3421 1060 3493 rapiere
1073 3432 1148 3478 mo·

185 3492 329 3559 nemini,
349 3492 398 3551 vel
412 3493 513 3551 subito
525 3502 557 3550 et
568 3494 705 3551 violento
716 3494 843 3549 interitu
855 3495 993 3561 cadetis,
1015 3500 1050 3549 ut
1058 3505 1148 3550 unua

186 3560 226 3617 tle
237 3564 352 3634 iniquis
365 3564 572 3635 principibus,
590 3574 625 3622 ut
641 3566 779 3631 Pharao,
799 3572 833 3620 ut
852 3567 965 3635 egion,
981 3570 1015 3620 ut
1026 3563 1145 3622 Sisara.

187 3631 331 3704 liastioe,
345 3636 481 3694 adamus
491 3650 566 3695 cum
577 3636 762 3708 nepotibus,
780 3637 918 3707 corporis
938 3634 1032 3693 morti
1053 3632 1146 3705 adja-
