2475 4034
184 117 257 193 '168
499 121 659 194 Festino.
708 119 822 185 Fines

186 235 352 305 hebraico,
368 234 488 308 'ipsein
500 231 667 304 compedes
680 229 789 287 incidit
803 249 811 295 ;
829 231 860 287 in
874 229 998 290 ferrum,
1008 245 1062 291 sen
1076 225 1141 304 'per

189 308 331 376 terrum,
352 310 378 364 si
396 311 437 364 ita
451 305 535 377 loqui
545 305 643 374 libet,
663 302 845 371 pertransiit.
867 304 927 358 sed
939 304 1036 361 multo
1050 314 1140 363 tenet·v

189 380 257 437 rior
276 381 316 437 ad
335 380 479 443 affectum
499 374 650 441 vulgata3
672 387 773 442 neque
791 373 861 438 sio,
883 381 916 428 ut
931 376 1138 433 omittat-sen·

193 466 266 510 mm
289 450 497 515 hebraicum,
526 445 582 500 sed
602 443 708 515 potius
726 456 783 499 suo
806 442 945 501 includat
962 486 982 512 ‚,
999 447 1031 504 in
1053 448 1141 507 hunc

190 523 320 581 modum
333 536 340 575 :
355 523 503 583 Ferrum,
523 515 555 572 in
568 516 650 584 quod
663 512 777 584 loseph
794 513 901 570 incidit
914 555 924 582 ‚
942 503 1051 576 intime
1064 533 1138 580 cnm

190 592 345 665 perculit,
367 590 527 657 ipsamque
539 584 606 655 ejus
627 584 764 642 animam
780 586 961 655 penetravit.
990 590 1085 647 strati
1098 591 1142 650 ad*

190 661 319 721 uariam
336 661 461 716 Simeon
482 671 490 714 τ
516 662 604 740 Taena
617 656 703 729 ipsias
722 655 851 712 animam
865 662 1056 728 pertransibit
1069 664 1141 789 glu-

191 734 265 791 dtas.
293 734 366 787 Luc.
386 740 412 785 tt
426 730 478 797 Ν35.
502 729 605 797 Pergit
625 728 740 798 psaltes
756 745 766 785 z
785 729 873 785 donee
888 731 999 787 veniret
1018 748 1069 790 ver
1089 750 1144 791 unt

187 804 364 873 fassusq.
380 802 466 869 Quod
479 800 576 870 accipi
588 800 707 858 duobus
720 799 819 872 modis
834 805 934 871 potest
949 816 962 858 :v
974 803 1055 872 qus,
1071 806 1090 861 i.
1104 820 1136 863 c.

232 874 265 943 i,
290 873 460 944 losephum
475 871 633 929 liberantis
652 891 662 932 a
683 881 714 927 et
725 871 786 942 ejtts
802 872 900 943 ipsius
916 874 1066 945 losephi,
1084 878 1140 933 ni·

185 947 303 1007 mirum
320 945 496 1004 vaticinatio
514 958 620 1002 coram
636 944 795 1000 Pharaone
810 959 824 1009 ·;
846 944 922 1015 vel,
946 945 1047 1003 donec
1067 947 1142 1075 estas

189 1019 333 1086 somnia,
356 1018 437 1089 patri
448 1025 480 1075 ct
495 1015 640 1072 iratribus
657 1016 732 1073 olim
745 1017 889 1084 narrata,
914 1030 1008 1087 opere
1021 1017 1085 1087 imp
1118 1048 1135 1061 -

189 1097 305 1149 rentur.
324 1093 462 1158 Quorum
475 1089 545 1159 qaia
556 1095 723 1159 utrunque
735 1094 847 1144 etcum
859 1088 1003 1155 veritate,
1018 1098 1048 1145 et
1060 1104 1142 1146 cum·

180 1164 335 1232 ,hebraico
348 1163 450 1228 fonte,
469 1159 627 1230 aqualiter
639 1158 800 1229 congruit:
816 1173 1007 1231 egoquoque
1020 1160 1051 1215 in
1065 1157 1136 1219 moa

190 1233 333 1293 Psalterii
361 1232 573 1303 explanatione
595 1231 723 1288 totidem
744 1229 847 1288 vernis
874 1245 949 1288 usus
976 1243 1081 1301 sum,
1107 1239 1140 1290 et

192 1305 336 1375 ambigua
357 1305 474 1360 dictum
490 1341 500 1371 ‚
518 1302 618 1375 *quale
640 1301 769 1370 inveni,
803 1301 923 1376 reliqui.
954 1305 1064 1374 Atque.
1077 1304 1111 1362 id
1128 1346 1138 1375 ‚

190 1375 339 1436 ntsemel
352 1376 411 1432 hoc
424 1374 525 1431 dicam
539 1414 550 1440 ‚
576 1373 608 1428 in
628 1373 777 1430 Psalterio
790 1381 867 1431 csta
885 1389 937 1431 me
949 1376 1067 1432 facturn
1084 1390 1145 1434 ste·¹¹

189 1447 279 1521 pius,
293 1447 410 1517 quoties
424 1443 572 1501 nimirum
585 1452 715 1515 uterque
730 1445 893 1502 locutionis
910 1445 1062 1515 amnique
1071 1461 1148 1505 sen·u

193 1533 246 1580 sus
267 1524 335 1573 erat
351 1531 438 1587 aeqne
454 1515 644 1588 probabilis,
665 1524 697 1571 et
716 1515 861 1573 hebraico
880 1526 1116 1576 consentaneos.

174 1598 184 1615 ¹
224 1591 380 1646 Fltsl'ttttt.
399 1589 547 1644 Miseretttr
565 1586 732 1658 excipientis
743 1588 908 1658 doctrinam
919 1590 1148 1660 miserationiaf

192 1669 222 1719 et
237 1662 287 1734 qtti
303 1660 422 1732 festinat
438 1661 469 1716 in
480 1659 598 1730 judiciis
614 1658 685 1729 ejus.
706 1658 798 1718 Eoeli.
817 1670 901 1717 xvttt
917 1665 958 1726 id.
978 1662 1145 1722 Miseretttt'·

191 1732 439 1798 Deushominis,
457 1731 509 1802 qui
521 1730 658 1789 caritatis
667 1738 699 1787 et
709 1730 932 1791 misericordiae
946 1740 1139 1806 praeceptum

193 1815 313 1871 servat,
335 1812 366 1861 et
384 1805 437 1878 qui
452 1803 592 1861 celeriter
607 1803 769 1874 exequitur
779 1804 939 1874 imperata.
1140 1805 1148 1857 ’ς

229 1879 270 1944 21
297 1876 455 1935 Festinare
474 1884 606 1947 tempus.
624 1874 775 1936 *Sirecidae
801 1876 839 1933 ad
856 1878 956 1936 Deum
976 1874 1113 1950 precatio
1130 1889 1145 1933 :-

184 1950 306 2008 Festino
319 1958 448 2021 ternpus,
460 1958 488 2005 et
498 1948 721 2019 mementofinis.
736 1946 828 2007 liceli.
843 1957 943 2005 xxxvi
960 1967 1001 2005 ιο.
1015 1946 1146 2020 Triplen

192 2028 240 2079 est
255 2035 425 2090 graecorum
444 2020 532 2078 codd.
556 2020 667 2090 tactio,
688 2034 782 2091 quarn
795 2020 838 2077 ita
850 2019 1061 2091 complector:
1082 2021 1144 2076 des

193 2091 294 2153 celera
306 2100 427 2165 tempus
439 2092 629 2154 liberationis
645 2100 759 2149 nostrae
771 2134 781 2160 ‚
804 2100 835 2149 et
846 2101 1002 2149 memento
1014 2089 1139 2164 jurisju-

193 2164 284 2224 randi
300 2163 367 2232 tut,
390 2178 451 2235 quo
469 2164 639 2236 promisisti
659 2166 826 2231 Messinm,
850 2164 1010 2221 finiturum
1028 2175 1137 2224 omnes

193 2243 314 2295 nostras
327 2249 480 2296 aerumnns
494 2273 504 2303 ,
523 2243 553 2293 et
564 2236 645 2293 iram
657 2243 743 2314 tuam
755 2251 773 2294 a
785 2233 875 2293 nobis
886 2236 919 2292 in
931 2236 1036 2296 hostes
1049 2248 1148 2292 aver·-

195 2324 315 2368 surum.
1144 2321 1147 2328 ⁴

194 2382 393 2507 Fntentans.
415 2377 570 2436 octennis
584 2377 698 2435 ficariis
710 2375 827 2436 dictum
838 2374 932 2448 paulo
950 2383 1037 2443 ante,
1056 2376 1136 2434 voc.

217 2464 323 2505 annus.

228 2521 367 2574 Pteron.
392 2522 466 2576 Ecce
483 2520 568 2588 {ictor
586 2518 704 2574 locuste
714 2519 745 2575 in
761 2518 902 2590 principio
913 2516 1144 2588 getaniaontinnt
1178 2524 1180 2530 '

193 2589 311 2647 territat
319 2589 435 2655 inthris,
445 2597 474 2644 et
483 2604 547 2644 eece
555 2588 698 2645 serotinas
707 2599 771 2659 post
781 2592 941 2646 tonsionem
948 2590 1036 2661 regia.
1047 2593 1144 2647 Amos

193 2672 242 2719 vn
257 2679 280 2715 1.
299 2662 378 2715 Ecce
391 2663 474 2716 Deus
488 2660 630 2729 producit
642 2668 673 2715 et
684 2661 821 2720 immittit
832 2661 864 2719 in
877 2670 992 2720 terram
1003 2668 1147 2722 nostram

194 2732 330 2792 locustas
342 2730 545 2800 innumeras,
560 2745 597 2789 ee
610 2738 748 2801 ternpore
761 2774 770 2798 ‚
782 2747 843 2803 qno
863 2732 975 2802 (Aprili
986 2734 1139 2801 exeunte)

194 2819 252 2878 per
262 2803 401 2862 ultimam
414 2804 550 2875 pluviam
563 2803 784 2872 lnrqesomnes
796 2806 1004 2864 maturitatem
1016 2804 1146 2876 plenam

196 2884 424 2949 assequuntur:
441 2884 603 2947 postquam
618 2875 712 2946 paolo
731 2886 802 2934 ante
819 2877 938 2934 locusta
951 2877 1035 2944 alia,
1053 2875 1144 2934 nimi-

196 2961 268 3006 tum
298 2947 409 3017 regia,
438 2961 563 3017 campos
591 2954 714 3005 nostros
741 2949 925 3008 totonderat.
955 2951 1145 3019 Deprecatur

197 3024 290 3078 Amos
306 3022 354 3091 tv.
370 3036 385 3072 a
399 3022 580 3087 )‚ue1)eas
594 3019 718 3090 depasci
731 3019 970 3093 penituaomnta
983 3022 1082 3087 sinat,
1096 3020 1148 3077 id-.

198 3107 258 3164 que
272 3094 282 3162 i
295 3106 324 3150 v.
342 3090 384 3160 ὅ)
402 3091 554 3162 impetrat.
571 3093 777 3162 naecspecies
793 3092 869 3160 risi,
891 3093 974 3163 quod
988 3092 1145 3165 prophete

198 3164 355 3234 obiectum
367 3171 415 3219 est
428 3179 436 3220 t
451 3163 601 3220 sententia
614 3163 681 3220 haee
693 3163 785 3221 latet:
796 3165 879 3223 Misit
890 3169 972 3221 Dens
986 3164 1146 3236 Assyrium

197 3236 341 3301 hostem,
364 3249 437 3292 cum
455 3235 518 3307 jam
537 3237 769 3293 reflorescerent
789 3249 840 3295 res
859 3236 1035 3304 hebraicae,
1059 3234 1144 3307 prius

181 3306 237 3364 ,ah
256 3322 328 3376 rege
349 3307 563 3364 salmanasare
579 3307 759 3377 devastatae.
777 3308 930 3379 Propheta
953 3305 1142 3373 obtestante,

198 3378 335 3435 ntiserttts
348 3388 391 3434 est
402 3379 542 3436 Dotnintts
552 3396 638 3451 super
650 3381 702 3435 noc
714 3397 725 3433 .·
738 3384 799 3436 lion
811 3380 867 3436 erit
878 3419 890 3448 ‚
910 3379 984 3436 etati
995 3379 1141 3435 Dominus.

199 3463 227 3505 v.
249 3450 276 3506 d.
296 3448 330 3505 id
348 3458 422 3517 est,
451 3451 659 3509 Sennacherib
676 3492 686 3519 ,
701 3449 819 3526 pindaea
838 3465 894 3521 per
911 3451 1051 3523 Assyrios
1072 3461 1147 3505 snos

200 3521 350 3588 subacta,
374 3521 588 3595 Hierosolyma
610 3532 714 3580 tamen
732 3537 795 3580 non
812 3523 954 3593 potietur.
978 3523 1050 3580 lude
1068 3529 1146 3576 noo-

199 3594 289 3646 turna
306 3591 358 3648 illa
374 3601 490 3661 strages
504 3595 658 3653 liorrihilis
677 3594 875 3665 Assyriorum
897 3604 1060 3652 cdxxxvii.

224 3662 342 3737 Pinus.
364 3665 469 3719 Omnia
484 3681 573 3737 opera
593 3667 655 3735 ejas
672 3667 702 3721 in
714 3666 777 3736 fide.
798 3667 848 3723 Pa.
872 3677 963 3726 xxxii
977 3667 1002 3728 d.
1027 3667 1061 3720 ln
1079 3673 1148 3722 oms

200 3726 367 3787 nnussuts
383 3736 527 3804 operibus
541 3737 639 3795 tidelis
652 3746 699 3793 est
711 3740 803 3793 neos.
