2475 4034
483 130 577 202 Lnx'l
620 132 788 208 Moerus.
1020 130 1099 233 ait

120 256 124 280 1
150 239 332 330 intentatam
352 243 530 330 perniciem.
550 249 597 306 iii
608 252 735 310 mortiet
757 253 897 328 teignis,
912 259 1017 333 peribis
1033 266 1099 335 gio·

150 316 619 461 miiioebihi‘ipiiii'naar
639 391 711 460 dte,
737 407 773 452 ae
789 395 1097 473 remismundum

150 453 232 541 illud
247 459 463 544 praecedente,
491 462 629 545 scribens
650 463 756 548 §lapite
775 466 884 526 ultimo
905 485 961 540 per
981 474 1099 545 aliquot

150 527 322 594 versiculos
334 529 513 598 Zacharias,
528 540 610 590 mter
622 532 686 592 alra·
694 535 794 607 inquit
806 554 815 594 ε
830 543 891 596 lion
902 543 959 599 erit
972 545 1024 601 iou
1036 546 1095 604 im-

119 606 123 619 ³
150 597 234 667 piis,
262 600 311 655 sed
326 601 423 671 frigus
437 609 467 657 et
483 603 552 672 geio
569 612 768 675 peccatorum
790 622 827 666 ac
847 613 1000 683 terroris,
1033 617 1097 675 sole
1162 614 1165 620 ’

151 671 258 738 graliae
275 669 400 729 illorum
412 671 510 731 oculis
526 689 560 732 se
575 676 774 735 subducente.
795 681 887 738 zucb.
907 694 963 742 arv
976 688 1003 741 6.

119 752 124 759 ·
152 792 155 795 .
185 742 360 800 Luxontoa.
384 745 487 801 Monet
502 745 637 814 Paulus,
657 762 697 805 ne
709 747 803 808 ‘facile
816 751 956 822 iuniores
972 757 1096 818 lemine

150 809 190 868 ad
207 814 379 871 vovendam
397 817 461 873 Deo
479 818 695 877 castimoniam
712 820 930 894 admittentur,
948 834 983 897 ¹et
996 829 1029 885 in
1042 824 1096 885 Vi-

39 913 41 917 ·
118 881 912 961 ·'duarumsacrarumnumerumrecipianturzcam
923 898 1095 958 enimtueo·

147 953 234 1023 riute
243 956 358 1027 ,fuerint
372 957 403 1015 ia
421 959 534 1015 cbristo
547 999 558 1028 ,
573 962 679 1018 nubere
689 964 811 1034 voiunt3
824 967 957 1029 babentes
976 971 1094 1029 domuu-

149 1025 278 1095 tionem,
292 1027 361 1101 quio
373 1029 498 1101 primam
509 1032 593 1101 fidem
603 1033 719 1090 irritam
729 1035 869 1107 fecerunt.
890 1040 916 1111 i.
928 1041 1008 1099 Tim.
1024 1055 1045 1101 v
1058 1057 1094 1098 rr

149 1111 193 1168 sq.
210 1111 284 1155 cum
296 1099 380 1156 enim
392 1115 500 1159 earum
514 1104 587 1163 anni
599 1105 737 1165 nondum
750 1107 976 1183 deferbuerint,
997 1126 1092 1183 grave

147 1168 320 1238 peniculum
331 1171 464 1256 subest,
485 1187 526 1230 ne
541 1174 575 1231 in
588 1176 715 1235 cohorte
727 1178 847 1239 Christo
858 1196 967 1250 sacra,
982 1191 1091 1244 contra

147 1239 250 1297 datam
269 1241 390 1303 ebnsto
411 1245 526 1312 iidem,
545 1246 666 1305 libidini
680 1259 829 1320 pareant,
849 1253 1039 1326 demumque
1049 1258 1090 1314 ad

147 1312 271 1387 nuptias
280 1311 338 1372 sibi
354 1314 542 1386 perniciosas
552 1319 736 1392 respiciant,
747 1329 837 1396 rupta
847 1325 913 1400 voti
930 1325 1087 1399 religione.

145 1699 359 1809 Metellinum
381 1752 662 1809 Bcuitoetiotore:
697 1754 813 1811 conitor
825 1753 1086 1828 mogrtiiicooitiic·

145 1819 240 1876 runos
256 1831 288 1878 ut
303 1823 421 1894 faceret.
444 1823 520 1890 icil.
537 1834 620 1879 1121.
637 1827 684 1881 ile
706 1826 860 1894 caismos,
882 1840 943 1897 quo
957 1827 1086 1886 verbum

144 1903 202 1960 pro
218 1893 361 1951 adverbio
380 1894 512 1965 ponitur.
539 1895 688 1963 Dominus
706 1896 870 1964 magnilica
887 1897 956 1966 egit
976 1900 1086 1967 Magni·

145 1962 242 2031 ficovit
260 1965 398 2021 moriam
415 1967 513 2036 fucere
534 1981 600 2022 com
616 1967 666 2022 eia.
687 1967 880 2036 Mogrtiiicooit
891 1968 1086 2096 DominusAa·

145 2037 373 2094 coenaticum.
395 2039 445 2093 Ps.
464 2044 580 2094 uxxvr
654 2037 805 2106 Populum
818 2051 909 2095 suum
923 2041 1027 2111 magni
1049 2053 1086 2098 ce

145 2106 305 2175 exaltarit,
321 2107 442 2177 magnis
455 2121 527 2165 eum
538 2107 617 2165 bene
640 2108 697 2166 ciie
712 2108 889 2167 cumulavit.
1053 2118 1058 2124 “

180 2179 215 2246 ii
239 2178 435 2250 magnificare
447 2192 482 2236 os
495 2192 596 2237 suum
616 2178 691 2237 Abd
712 2193 742 2237 v.
760 2195 801 2236 ra.
814 2183 938 2240 incure
958 2194 1008 2251 ao,
1022 2179 1085 2254 glo·

143 2247 513 2321 riosedeaepraedicare.
751 2263 754 2269 ⁴
904 2312 909 2325 ἃ

178 2320 216 2389 ii
238 2322 311 2378 com
320 2323 535 2392 magnificasset
544 2320 650 2393 forieta
662 2323 811 2393 potestatis
823 2321 894 2394 ejas.
913 2316 975 2380 le.
990 2322 1081 2401 regia.

143 2391 282 2467 212011.
297 2404 331 2451 tv
343 2396 387 2458 ai.
408 2395 485 2450 cum
502 2407 560 2464 per
580 2393 786 2451 adulationem
805 2393 835 2452 ei
854 2394 1082 2465 persuasisset,

141 2470 323 2533 potestatem
344 2464 390 2522 illi
407 2478 563 2527 summam
585 2471 618 2523 et
635 2464 806 2527 absolutam
824 2478 914 2536 esse,
938 2465 1082 2525 etiam-in

115 2571 117 2574 ⁴
142 2549 242 2593 sacra.
614 2590 616 2593 ,
681 2555 684 2562 ’
957 2554 960 2559 ·
1045 2584 1048 2591 .

162 2610 421 2679 jliaonlnoouuu
441 2607 580 2680 Auserem
597 2606 633 2664 de
648 2607 741 2664 medio
762 2608 806 2667 tui
819 2604 1020 2683 magrriioqoos
1031 2610 1084 2667 sir·

140 2679 243 2746 perbioe
266 2687 347 2748 tuoe3
373 2687 400 2735 et
424 2693 482 2734 rtoo
505 2680 622 2751 adjicies
640 2680 769 2735 exaltari
787 2681 909 2751 amplius
934 2682 1084 2739 iumento

142 2759 243 2806 sancto
254 2765 325 2808 areo.
338 2748 431 2821 soph.
444 2761 535 2816 utu.
554 2751 699 2807 Auieram
711 2749 787 2820 legis
800 2751 956 2819 doctores,
964 2752 1080 2811 scribas

142 2827 172 2874 et
183 2820 353 2892 pharisaeos
372 2820 542 2891 superbos,
565 2822 675 2891 quibus
690 2829 724 2878 tu
741 2833 861 2893 quoque
874 2822 1079 2893 superbiebas.

141 2888 267 2949 illorum
278 2889 347 2950 loco
361 2886 488 2961 apostoli
499 2899 530 2948 te
542 2892 695 2955 dooebunt
705 2891 910 2963 modestiam,
925 2905 966 2951 ne
982 2892 1016 2949 in
1028 2906 1079 2955 oo·

141 2961 234 3018 clesia
248 2975 318 3019 mea
329 2962 410 3025 iaetu
422 2960 507 3017 inani
520 2961 666 3020 efferaris.
950 2978 953 2983 ⁴

177 3035 322 3089 naeuus.
342 3036 463 3105 Magnus
475 3033 586 3089 locutus
598 3042 640 3089 est
653 3033 824 3091 desiderium
834 3032 937 3092 coimoe
948 3047 1007 3091 suo
1024 3045 1083 3092 :et

141 3107 386 3161 conturbaverunt
403 3118 484 3171 eom,
504 3111 627 3162 terram.
647 3104 738 3162 llich.
756 3116 803 3163 vn
820 3105 845 3162 5.
866 3109 995 3175 ttagnus
1012 3106 1083 3164 doc·

140 3175 236 3242 trina,
246 3174 322 3244 legis
333 3174 466 3247 peritus,
479 3190 542 3235 non
555 3178 736 3248 respondet,
748 3178 830 3249 quod
841 3178 954 3234 veritas
967 3178 1080 3247 exigit,

139 3246 194 3304 sed
207 3246 289 3318 qnod
299 3245 450 3319 cupiditas
461 3248 546 3320 jubet
565 3264 573 3306 ι
593 3257 685 3322 etque
697 3249 739 3306 ita
752 3248 926 3321 principes,
942 3248 1080 3320 iudices,

138 3318 299 3448 doctores,
319 3333 451 3393 quorum
465 3329 538 3392 ,erat
558 3321 675 3380 bonum
698 3319 857 3393 publicum
876 3320 980 3389 tueri,
1001 3319 1079 3377 illud

137 3399 248 3449 contur
270 3398 331 3449 ant
539 3434 543 3441 ‚
816 3444 820 3451 .

158 3463 207 3530 ‚il
229 3465 357 3533 Magnus
378 3462 443 3521 dies
462 3462 610 3521 iezrahel.
634 3464 685 3522 0³.
707 3471 720 3518 1
738 3461 793 3520 ult.
815 3463 890 3521 Post
906 3459 1082 3533 prodictam

135 3533 243 3593 israeli
254 3533 477 3606 captivitatem,
496 3530 661 3604 etquidem
674 3541 879 3605 perpetuam,
894 3532 1030 3601 denique
1041 3531 1083 3603 ad
1185 3584 1187 3587 ,

132 3604 231 3663 inem
238 3605 350 3676 Capitis
364 3606 537 3662 animorum
546 3605 760 3662 liberationem
773 3618 830 3674 per
842 3604 1001 3661 Christum
1013 3600 1082 3671 pol-

135 3673 265 3745 licetur,
275 3689 347 3735 oum
355 3675 497 3735 videlicet
506 3675 596 3734 multi
608 3689 646 3734 ex
656 3674 736 3733 iuda
748 3682 779 3732 et
790 3671 974 3766 lsrai13sed
987 3671 1081 3728 innu-
