2475 4034
389 126 526 194 Festus.
575 128 739 200 Fuerunt.
958 120 1040 224 '187

93 237 307 313 interpretatas
324 240 363 297 sit
374 238 525 299 demam
541 247 572 298 et
583 250 834 312 onocentauros,
854 243 888 303 ltt
905 247 1049 308 taenia

91 311 241 372 sraoenes
253 321 285 369 et
296 313 404 369 lauuos
418 311 540 370 ficarios
552 327 560 370 t
573 314 680 380 vides,
700 314 747 371 nil
760 314 843 372 aliud
855 316 1040 389 significari,

89 397 184 455 atram
196 392 316 455 spectra
329 384 525 450 daemonum,
546 384 602 442 sub
610 385 705 443 variis
715 386 824 443 formis
838 385 957 445 bomini
966 389 1039 450 illu-

92 455 256 523 dentium,
281 469 381 525 eoque
404 455 572 515 tenoribus
593 457 721 526 fugato,
744 456 818 515 loco
841 455 1040 521 solitudinem

90 526 312 585 inducentium.
335 526 448 584 Ficatii
468 535 572 586 autem
589 536 764 596 vocantur,
784 530 868 600 quod
884 530 966 588 inter
985 545 1040 592 aaa

90 598 215 670 prillcos
228 612 284 655 seu
291 598 366 656 ficos
377 598 541 670 sylsestres
556 605 760 670 apparerenta
774 601 934 672 aptissime
947 616 1040 663 saue:

89 670 253 743 manlium
267 670 353 728 enim
366 685 405 727 ex
421 671 624 729 aedificiorum
640 671 739 729 ruinis
756 672 838 731 iuter
855 687 929 731 saxa
946 687 1050 733 enas-t.

89 743 180 802 citur.
201 742 269 799 Vid.
292 743 497 800 Onocrotalas.
1031 770 1039 798 t
1060 747 1064 754 ’

124 817 248 872 Fudit.
262 817 339 871 Pane
353 830 475 870 mattam
491 824 573 872 taam
587 815 798 886 subterstrata
809 832 906 875 auam
912 857 925 887 ,
939 829 972 876 st
981 821 1042 877 ad-

84 885 185 956 jurem
199 894 228 943 te
236 901 289 956 per
298 887 473 955 Dominam,
493 886 536 943 ait
548 888 587 943 ad
599 900 726 944 servum
737 888 941 948 Abrahamus.
959 892 1035 950 (leo.

89 967 169 1016 ων
181 974 206 1014 a.
221 960 294 1033 liras
307 958 334 1016 is
351 959 432 1031 apud
444 958 561 1017 audeas
573 957 645 1016 illos
657 958 736 1015 ritus
749 958 927 1031 jurantium.
1038 1011 1042 1019 .

124 1033 307 1088 Fassuram
326 1031 372 1087 lle
388 1030 508 1088 Messiae
524 1030 662 1098 nuntiis,
684 1043 740 1087 seu
752 1031 897 1102 apostolis
912 1074 921 1100 ‚
945 1048 1040 1092 esan.

88 1102 208 1172 gelicus
219 1102 368 1187 propbeta
381 1101 555 1159 exclamat:
571 1099 627 1173 Qui
641 1110 711 1158 sant
725 1102 797 1170 isti,
813 1105 863 1176 qai
883 1114 916 1160 ut
926 1107 1014 1162 nubs
1024 1121 1040 1175 ,·

87 1178 101 1244 ι
117 1173 311 1241 celerrtmae,
335 1182 367 1230 et
377 1173 593 1242 fertilissimae)
609 1175 734 1242 oolam,
756 1185 786 1233 et
797 1175 882 1247 quasi
900 1177 1038 1234 columba

86 1248 102 1313 t
111 1246 272 1314 caedua,
292 1244 436 1313 veloces,
459 1245 614 1316 simplices
633 1248 642 1314 l
659 1245 698 1303 ud
714 1245 860 1317 fenestras
874 1252 971 1306 suasa
994 1253 1038 1306 ts.

85 1329 130 1376 tx
149 1319 178 1373 8.
193 1320 231 1378 Ut
244 1318 292 1373 bae
305 1318 344 1373 ad
355 1317 537 1375 columbarii
550 1318 598 1374 sui
615 1318 766 1376 fenestras
803 1328 969 1389 ruperant,
991 1323 1039 1379 sio

87 1388 242 1460 apostoli,
264 1396 299 1445 ut
310 1389 515 1462 Hieronymus
531 1389 690 1461 loquitur,
708 1389 766 1449 alis
780 1334 915 1462 ssptritus
932 1393 1040 1454 Sancti

83 1463 128 1520 etl
140 1470 231 1532 notos
244 1459 303 1517 sibi
320 1461 420 1518 aditus
432 1460 571 1522 ecclesiae
588 1462 742 1522 festinant.
1035 1526 1040 1534 ,

122 1536 158 1602 2)
172 1536 255 1591 Mors
268 1547 323 1603 per
336 1533 486 1594 fenestras
498 1535 680 1590 ascendens.
697 1535 761 1592 ier.
775 1546 810 1593 rx
823 1549 867 1591 at.
881 1534 1035 1605 cbaldaei,

85 1619 186 1664 morae
196 1605 391 1676 impatientes
404 1646 413 1672 ,
431 1619 495 1662 non
511 1606 720 1675 digamumur
730 1615 838 1692 portas
851 1607 1040 1678 maingotus

86 1678 143 1748 stad
158 1692 214 1750 per
232 1679 383 1736 fenestras
396 1683 609 1749 tectommque
628 1679 782 1736 loramma
799 1677 938 1735 insilient
956 1696 964 1735 ι
981 1692 1038 1736 oc·

69 1749 161 1807 ‘aisis
176 1748 261 1807 domi
272 1748 438 1817 omnibus,
458 1750 490 1808 in
507 1747 626 1820 plateas
639 1756 822 1821 erumpent,
843 1756 874 1805 et
889 1757 1036 1818 vagantes

84 1820 129 1879 ibi
140 1835 257 1896 pueros
276 1835 312 1878 ac
329 1820 455 1891 juvenes
476 1821 673 1879 trucidabunt
694 1835 702 1877 t
721 1820 882 1892 diepam
900 1821 1038 1889 paruulos

87 1894 220 1964 deforis,
245 1894 365 1964 jtareaes
389 1893 425 1948 de
442 1889 553 1965 plateis.
580 1892 656 1949 ibid.
683 1890 888 1962 'tropologice
905 1894 1033 1967 Patres,

86 1965 303 2024 custodiendas
317 1965 455 2036 guaviter
468 1965 579 2022 domus
591 1963 706 2022 nostra
717 1964 887 2030 leuestras,
904 1962 1014 2021 oculos
1024 2006 1049 2034 ,.

88 2044 179 2107 atquae
198 2052 307 2104 aures,
329 2052 370 2093 ne
383 2051 469 2094 mors
482 2035 577 2092 animi
595 2034 749 2093 illabatur.

122 2111 218 2166 Furta
238 2113 358 2179 laaepa
374 2111 454 2180 baras
472 2107 654 2163 mandris:
673 2108 865 2179 congregatis
880 2116 1038 2165 maroam

87 2181 118 2237 ia
132 2182 226 2238 uaeas
239 2183 413 2254 papularum
428 2194 439 2233 :
460 2187 494 2236 at
508 2177 664 2235 excludant
677 2194 747 2246 eas,
771 2180 822 2253 qui
835 2181 953 2249 probati
965 2188 1035 2237 stant

87 2257 290 2328 argentata.
313 2264 404 2312 uxvrt
426 2253 469 2305 δι.
493 2253 646 2321 increpa,
665 2253 768 2317 Deus,
789 2253 910 2307 deterre
929 2251 1038 2307 hostes

86 2334 233 2389 nostros,
259 2324 377 2384 similes
394 2324 468 2381 feris
485 2323 566 2380 inter
585 2323 768 2380 arundineta
788 2321 1035 2391 stabulantibus,

88 2412 125 2455 ac
141 2397 238 2458 tauris
249 2396 332 2453 inter
344 2395 693 2465 armenta-furentibus:
710 2395 764 2468 qui
774 2394 953 2453 hareditate
964 2405 1035 2465 pto-

86 2471 180 2528 missa
196 2469 360 2528 excludere
373 2475 524 2526 conantur
539 2468 709 2539 populum,
736 2467 791 2524 tibi
802 2467 901 2525 instar
913 2467 1037 2538 argenti

85 2537 265 2612 paratum:
283 2540 531 2610 ingeniosissime
557 2540 712 2612 AEgyptlas
733 2547 845 2608 notat,
876 2539 1034 2609 geminam

85 2623 243 2671 mutuatus
260 2613 426 2681 imaginem
442 2611 620 2683 propriam3
640 2627 657 2669 a
676 2611 859 2678 crocodilis,
882 2611 1038 2670 interibili

86 2686 252 2744 arundines
266 2685 504 2750 insidiantibusr
523 2699 540 2741 a
558 2683 731 2742 murilormi
751 2682 916 2755 serapide,
937 2694 1034 2755 quem

86 2758 263 2830 adorabant
283 2757 395 2823 Tauri,
410 2756 583 2826 principem
598 2769 716 2824 vacca,
730 2757 872 2827 populos.
887 2758 1033 2827 Argenta,

85 2827 279 2886 hebraismus
293 2843 301 2884 ε
315 2836 352 2884 ot
370 2829 480 2884 eodem
498 2826 647 2895 Psalmo,
671 2825 735 2883 niae
754 2828 984 2892 dealbabuntur,
1001 2839 1030 2881 s.

90 2901 133 2955 rb.
151 2913 208 2970 pro
220 2900 318 2958 instar
333 2900 432 2966 nisis,
450 2914 508 2956 ceu
520 2898 593 2955 nix.

121 2973 222 3030 Furto.
241 2977 388 3043 Quantam
401 2972 430 3026 ia
443 2981 471 3027 te
480 2980 547 3038 ast,
570 2970 670 3041 iuquit
681 2969 835 3039 malignus
847 2969 917 3025 tobi
929 2980 1038 3038 repre«

84 3042 201 3101 bensor
213 3051 245 3100 et
257 3045 424 3122 exagitator
436 3042 575 3115 eliphaz,
592 3043 740 3098 evacuasti
752 3043 886 3097 timorata
899 3047 927 3095 et
941 3040 1035 3094 tulisti

81 3128 181 3185 preses
198 3131 300 3173 caram
313 3120 380 3172 Deo.
403 3116 473 3174 dab.
494 3126 537 3171 xv
554 3116 584 3174 lt.
607 3112 756 3171 Ademisti
781 3109 957 3170 bominibus
976 3110 1034 3166 Dei

82 3188 252 3246 umorem:
272 3187 401 3260 proinde
421 3195 454 3245 et
467 3186 594 3256 rogandi
610 3186 677 3257 ejus
695 3184 911 3240 necessitatem
928 3188 1035 3258 sustu-⁴

83 3257 155 3316 isti.
187 3264 318 3324 Fer03eo
338 3273 453 3327 sensu,
479 3273 540 3329 quo
559 3258 627 3314 iob.
659 3267 738 3314 xxiv
764 3272 796 3307 to
814 3272 823 3310 z
843 3251 1036 3307 credemibus

85 3333 343 3403 taleratttspt’cas3
359 3331 379 3387 i.
399 3345 427 3387 c.
447 3337 617 3400 rapuerunt
1031 3341 1035 3348 ’

119 3405 265 3461 Fanum.
285 3406 332 3459 De
348 3402 483 3476 dosepbo
501 3400 676 3472 patriarcba
692 3397 838 3455 vendito:
859 3394 1034 3479 Humiliaaa-

56 3511 59 3520 .
82 3476 198 3532 ruatis
210 3474 389 3546 compedibus
403 3474 486 3544 pedes
498 3475 579 3543 aas,
596 3474 710 3543 sarram
722 3469 892 3541 pertransiit
904 3482 1033 3523 sarmata

83 3547 154 3617 eius.
182 3550 231 3604 Ps.
257 3559 313 3605 arv
334 3547 376 3602 18.
405 3549 484 3603 Tam
502 3544 623 3611 Graeci,
648 3557 743 3614 quam
764 3539 974 3602 hebraizantes
994 3551 1034 3595 ex
1115 3607 1119 3611 s

82 3617 168 3675 fonte
185 3617 352 3685 hebraico,
372 3625 404 3675 et
422 3624 507 3674 recte
524 3615 673 3687 quidem,
694 3613 737 3670 ita
753 3620 902 3669 vertunt:
923 3610 1033 3666 Anima

83 3688 152 3760 ejus
164 3689 292 3748 venitin
303 3690 421 3747 terrum
435 3706 444 3755 ;
462 3688 565 3746 anima
586 3686 676 3756 ejus,
697 3684 814 3752 idest,
834 3684 925 3754 ipse;
944 3694 1032 3758 more
