2475 4034
433 143 560 213 Curtii.
610 144 740 212 Caror.
1017 138 1064 213 tt

124 257 296 325 eredentes,
313 254 470 328 rebelles,
495 266 527 315 et
537 273 581 315 eo
600 273 700 330 usque
720 257 899 328 pervicaces
915 260 1066 333 accepisti

124 329 490 400 ueu1ttbi-sunjecisti·,-ut
510 331 548 388 ab
561 329 623 387 iliis
642 344 765 401 quoque
786 331 958 388 adoratoris
972 330 1068 390 veluti

121 403 202 459 licus*
223 418 259 459 ac
279 403 429 473 Dominus
441 440 460 469 -,
487 412 518 459 et
540 403 573 459 in
587 403 736 472 ‘ipsorum
749 468 751 471 v
766 401 878 459 animis
896 401 1064 477 habitares.

122 475 189 530 llaec
206 489 298 533 sensu
314 473 438 529 litterali
454 493 462 540 ;
483 473 650 543 allegorico
670 481 774 529 autem
787 481 818 529 et
836 473 1014 542 nobiliore,
1031 483 1069 532 ut

121 546 246 605 ostendit
266 545 383 602 Paulus
403 546 485 616 liph.
513 557 556 603 lv.
585 548 629 613 8,
658 547 695 601 de
720 546 842 605 Christo
864 545 930 602 lraec
954 541 1076 616 scripta'

66 678 69 685 ,
122 625 208 684 sont,
223 616 257 677 in
270 616 384 673 coelum
397 631 567 677 ascensuro
581 633 655 673 oum
672 617 809 673 liberatis
828 632 846 672 e
864 616 960 676 limbo
972 619 1069 688 patri·

82 702 87 709 “
119 686 191 755 bus,
208 697 297 759 atque
308 689 381 763 inde
394 689 529 745 missuro
543 689 724 745 homiuibus
739 688 887 758 Spiritum
900 689 1067 758 Divinum,

115 767 150 821 dl
165 761 325 819 innumera
340 761 422 818 dona
439 775 496 817 suo
516 761 666 830 sanguiue
687 767 794 831 parta,
826 761 865 817 ad
883 770 991 830 gentes
1004 770 1069 819 ler-

120 847 217 891 rarum
239 847 349 891 omnes
373 835 438 889 lieo
452 832 545 889 »Patri
567 831 788 890 conciliandas.
819 836 853 888 ln
877 832 1075 890 convertendo
1103 864 1106 869 ·

118 905 247 962 Dominus
269 905 470 976 captiuitatem
485 905 580 971 Sion,
606 905 680 975 sacti
697 920 798 961 sumas
818 905 895 962 sicut
913 908 1064 963 consolati.

116 978 161 1032 Ps.
177 986 301 1043 cxxv-1.
317 979 378 1032 Per
390 976 489 1045 gentis
504 985 617 1033 nostrae
630 975 846 1034 liberationem
857 992 878 1047 e
890 978 1067 1048 captivitate

115 1062 234 1105 summo
250 1047 362 1105 solatio
384 1062 441 1104 nos
455 1051 537 1104 Deus
552 1048 709 1119 perfudit,
731 1047 773 1104 ita
796 1057 831 1103 ut
841 1048 940 1107 instar
954 1048 1068 1106 somnii

114 1118 180 1191 irase
193 1128 281 1177 tanta
294 1119 382 1183 nobis
402 1120 555 1189 promissa
576 1120 706 1177 felicitas
725 1119 903 1187 videretur;
927 1136 1001 1177 nam
1014 1121 1067 1178 ire-

114 1186 214 1248 braioe
234 1206 296 1263 pro
316 1192 458 1248 consolati
477 1200 527 1248 est
548 1192 736 1248 intimantes.
767 1195 850 1249 'l'um
874 1194 1010 1262 rogant,
1033 1203 1067 1250 ut

114 1263 262 1320 acceleret
282 1265 388 1330 Deus,
415 1264 497 1334 quod
521 1265 730 1335 spoponderat
751 1280 759 1321 ε
786 1268 925 1325 Converte
945 1265 1066 1339 Dourine

114 1336 310 1407 captiuitatem
320 1344 473 1402 nostrum,
486 1336 560 1392 sicul
575 1347 690 1392 torrens
703 1337 733 1391 in
745 1339 863 1393 Austro.
874 1353 904 1394 r.
920 1339 945 1400 d.
962 1339 1068 1394 Reduc

113 1407 241 1464 bomine
261 1408 400 1478 captivos
417 1415 538 1465 nostros
554 1423 664 1479 ornnes
684 1409 793 1483 :quod
807 1408 954 1478 gaudium
974 1409 1065 1467 nobis

112 1487 228 1537 undum
238 1479 367 1546 ailer'et,
383 1488 532 1549 quantum
544 1489 664 1537 torrens
677 1480 709 1536 iu
724 1480 854 1551 desertis
867 1490 899 1537 et
912 1480 1065 1540 sabulosis

113 1551 149 1607 ad
166 1555 316 1608 Austrum
324 1550 409 1611 locis
426 1551 570 1620 degentes
589 1560 717 1609 recreat
738 1555 786 1608 Tu
799 1552 894 1623 igitur
910 1553 981 1610 illos
1001 1562 1067 1610 tam

77 1660 84 1669 -
112 1622 253 1687 celeriter
267 1637 305 1679 ac
317 1629 459 1693 potenter
471 1623 606 1690 advehe,
630 1639 723 1697 quana
736 1632 856 1682 torrens
870 1624 991 1692 sertor,
1015 1638 1065 1681 so·

111 1692 179 1751 lulis
193 1694 233 1752 ab
256 1697 370 1751 Austro
390 1694 509 1750 nivibus
525 1704 643 1753 auctus.

145 1764 361 1837 ilcaptivitas
372 1766 515 1836 perlecta.
532 1763 718 1824 Gazensibus
729 1767 955 1834 veniamnegat
964 1768 1065 1834 Deus,

77 1874 80 1879 ·
109 1840 239 1910 eoquod
258 1839 463 1894 transtulerint
481 1840 678 1911 captiuitatem
693 1840 876 1909 perlectam,
900 1849 932 1894 ut
947 1838 1068 1894 conclu-

110 1909 209 1967 derent
239 1925 304 1965 eam
321 1912 351 1965 in
372 1910 507 1966 idumea.
532 1913 631 1968 Amos
648 1923 669 1966 1.
691 1913 718 1962 6.
739 1909 842 1980 Tyriis
864 1924 1010 1980 quoque,
1034 1925 1068 1966 eo

109 1983 186 2053 quod
197 1982 397 2039 concluserint
415 1982 613 2053 captiuitatem
626 1983 786 2052 perfectam
797 1981 828 2037 in
840 1982 976 2038 Idumen.
992 1981 1065 2038 ibid

78 2098 82 2105 .
109 2067 137 2110 r.
158 2074 184 2124 9·
199 2052 243 2112 -id
257 2063 322 2119 est,
342 2055 425 2125 quod
441 2069 573 2121 omues,
592 2052 717 2111 nemine
731 2052 858 2122 relicto,
880 2053 1019 2126 captivos
1033 2053 1068 2114 in

109 2126 282 2188 idumaeam
295 2126 524 2183 abstraxissent
536 2192 538 2195 v

142 2200 270 2256 Curuo·
292 2200 458 2267 captabunt
477 2197 507 2251 in
525 2196 657 2253 animam
668 2196 754 2266 justi.
779 2199 830 2256 Ρε.»
848 2207 932 2256 xctlt
951 2214 995 2252 at.
1014 2198 1068 2252 ln·-

105 2268 253 2345 ttocentis
265 2269 335 2326 ritae
347 2269 482 2326 insidiati
492 2276 575 2325 sunt.
584 2268 743 2325 ‚liebraica
763 2284 823 2328 vox
835 2267 978 2329 militaris
995 2274 1044 2324 est
1056 2282 1066 2324 ε

109 2340 338 2412 mugiebarunt
349 2356 382 2399 se
397 2349 503 2399 contra
516 2353 568 2396 me
581 2383 590 2409 ,
611 2340 791 2398 catervatim
804 2342 959 2400 coierant.

61 2452 63 2459 ›
135 2415 266 2497 tinette.
290 2414 435 2470 Desierunt
453 2421 551 2483 caput.
573 2416 600 2493 22
623 2413 710 2469 Esdr.
731 2423 766 2469 lx
789 2432 830 2477 17·
852 2413 1067 2472 Obiirmarunt

112 2499 262 2542 animum.
968 2528 969 2531 ,

109 2607 112 2615 .
145 2560 179 2625 2)
193 2559 443 2627 caputmorere,
456 2556 604 2615 testanda
615 2555 824 2614 miserationis
837 2564 868 2614 et
880 2553 1067 2616 consolandi

112 2630 228 2702 gratia,
242 2633 363 2685 Vastata
373 2630 519 2686 estllinioe
530 2645 541 2683 .·
554 2629 617 2701 quis
627 2631 909 2700 cornmouebitsuper
923 2630 1067 2701 tecaput?

113 2701 183 2756 unde
196 2713 328 2772 quaram
341 2702 552 2757 consolatorem
569 2701 643 2757 tibi?
662 2700 735 2758 Nah.
752 2713 790 2758 ιιι
803 2722 828 2771 7.
852 2704 1026 2759 Consolarer
1038 2709 1067 2755 et

111 2787 164 2842 ego
178 2788 229 2830 uos
239 2774 421 2829 sermonibus
433 2815 449 2841 „
465 2783 493 2829 et
513 2789 658 2829 nioorrem
679 2784 767 2843 caput
792 2790 888 2837 meum
903 2791 990 2844 super
1005 2780 1064 2829 vora
1135 2838 1138 2843 ¹

111 2843 177 2901 lob.
194 2855 250 2901 xvr
269 2845 295 2900 5.
316 2845 402 2902 serio
415 2854 496 2901 etex
512 2845 615 2909 auimo
628 2857 683 2901 ros
701 2846 903 2912 consolarer,
924 2859 998 2903 cum
1011 2858 1066 2901 vos

111 2927 162 2971 me
179 2915 228 2973 bis
241 2917 389 2985 aerumnis
401 2917 548 2975 obrutum
566 2917 639 2975 ficto
656 2925 777 2974 tantum
795 2918 897 2976 officio
919 2925 950 2973 et
968 2917 1068 2973 simu-

110 2983 172 3059 lata
183 2987 397 3047 misericordia
408 2984 648 3060 prosequamini.

36 3120 42 3135 ,
148 3057 181 3125 il
203 3060 300 3129 Caput
315 3074 462 3126 movere,
482 3060 634 3121 irridendi
653 3074 758 3118 causa.
788 3060 963 3129 Plauserunt
981 3070 1067 3129 super

115 3132 285 3187 temonibus
307 3148 403 3189 omnes
427 3141 610 3188 transeuntes
631 3148 684 3202 per
699 3133 809 3187 uiam:
834 3131 1021 3185 sibilaverunt
1039 3137 1069 3184 et

114 3212 266 3258 mouerunt
276 3215 459 3276 caputiatum
468 3220 554 3274 super
568 3205 659 3275 {iliam
671 3202 842 3260 Jerusalem.
859 3202 972 3256 Thren.
985 3210 1012 3255 n
1024 3201 1066 3255 15.

113 3274 237 3330 Posuisti
250 3291 302 3331 nos
317 3277 504 3348 opprobrium
516 3277 617 3332 uicinis
628 3276 760 3347 nostris,
777 3271 1068 3328 subsannationemet

113 3343 284 3403 derisum...
301 3349 522 3405 commotionem
535 3348 638 3418 capitis
648 3349 678 3402 in
690 3345 811 3419 populis.
827 3347 875 3400 Ps.
886 3353 968 3399 xuttr
981 3345 1065 3413 riso.

114 3415 259 3474 Omnium
271 3418 408 3479 ludibrio
424 3434 482 3481 nos
494 3418 674 3490 exposuisti.
689 3423 795 3474 Factus
807 3430 873 3470 sam
884 3416 1069 3486 opprobrium

112 3486 168 3563 iliis
186 3507 197 3543 :
216 3490 351 3551 uiderant
366 3509 427 3563 me,
450 3502 479 3563 et
497 3500 653 3548 mouerunt
665 3491 763 3561 capita
775 3503 838 3543 sua.
856 3490 905 3544 Ps.
926 3497 1008 3544 cvlll
1021 3489 1065 3545 25.

115 3570 180 3626 quae
202 3561 378 3619 vaticinatio
399 3565 431 3620 in
453 3563 574 3622 christo
589 3562 725 3634 patiente
749 3559 874 3630 impleta
892 3564 939 3615 est
959 3560 1064 3619 Matth.

114 3638 204 3691 xllllll
213 3632 274 3702 39,
291 3641 322 3689 et
333 3631 426 3693 Maro.
442 3646 485 3691 xv
499 3642 542 3704 292

149 3702 183 3774 iti
200 3704 339 3771 Reddere
351 3706 400 3765 rel
412 3721 530 3778 ponere
541 3705 686 3777 iucaput
701 3706 793 3777 lleqae
804 3702 1070 3762 misereborrriam
