2475 4034
523 133 686 206 Asrssus.
1031 161 1072 237 ¹7

126 269 193 337 qua
214 264 305 309 versu
318 247 522 337 ,praecedente
536 254 578 337 ᾗ)
602 268 689 325 saper
709 262 819 312 mantes
842 257 959 315 stabunt
979 272 1071 332 apua.

121 328 164 384 Ab
182 330 378 394 sacrcpattane
404 331 457 379 tua
476 324 613 395 fugient,
639 341 658 380 a
677 341 744 383 voce
762 328 885 384 tonitrui
903 331 946 385 tui
961 331 1081 456 sormi:

122 399 241 454 maaet.
255 395 421 452 Accendant
428 405 556 465 montes,
569 407 599 453 et
608 397 782 456 descendunt
795 400 889 472 campi
894 441 904 468 ,
918 402 948 457 iu
971 410 1080 471 acam,

123 485 209 543 quem
224 467 355 539 fundati
374 469 423 525 eis.
450 470 613 526 Terminum
636 471 770 541 posuisti,
791 488 876 547 actem
894 489 953 529 nou
973 471 1081 530 trans-³

124 541 317 612 gradientur:
338 555 431 613 aeque
444 550 652 598 concuteretur
663 545 776 614 aperire
785 554 905 602 tetram.
920 547 1008 613 Quod
1016 546 1082 603 inl·'

123 614 168 671 tio
179 613 269 685 hujus
280 611 342 670 loci
351 611 494 670 insutum
507 613 640 683 dicitur,
655 630 749 673 sensu
761 617 908 687 praeteriti
921 614 1080 689 accipieu·'

122 687 196 742 dnm
218 693 283 752 est,
307 699 395 741 more
412 685 548 745 Hebraeis
567 700 623 756 per
644 694 735 755 etuo,
757 690 929 758 praesertim
947 690 980 745 iu
995 694 1082 761 podae

122 758 190 814 ticis
210 773 246 814 ac
263 756 459 827 propheticis.
484 757 604 827 Optime
656 797 663 814 .
683 761 871 830 Augustinus
889 764 980 819 conc.
1003 763 1072 819 aiu

122 829 206 887 hunc
218 831 267 884 Ps.
280 829 396 899 factm
408 829 439 883 ia
451 828 555 885 diario
564 836 671 889 censet
686 850 694 888 ε
713 840 789 889 tuuc
803 834 887 890 enim
895 848 983 891 mare
994 833 1071 890 sicut

122 901 322 957 uestimentum
341 901 519 961 universam
536 900 679 959 tellurem
697 903 841 972 involvit,
859 911 889 961 ct
907 904 1074 963 altissima-

122 988 193 1031 rum
210 973 304 1029 etiam
328 974 483 1029 montium
499 975 662 1031 cacumina
683 990 770 1046 aquae
793 986 986 1047 superarunt.
1012 976 1080 1034 Sed·

122 1045 354 1118 quamprimum
366 1045 476 1102 Divina
496 1059 557 1102 vox
573 1059 632 1101 ceu
648 1048 764 1104 tonitru
786 1048 940 1116 insonuit,
963 1047 1081 1119 jubens

123 1132 217 1189 aquas
231 1117 433 1188 serecipere,
452 1118 712 1188 sugeruntundae,
728 1135 765 1176 ac
780 1119 874 1176 veluti
886 1120 1081 1190 trepidantes

121 1190 225 1249 lucum
233 1191 413 1246 deseruere.
432 1192 621 1260 liotempore
634 1193 840 1248 ascenderunt
851 1201 972 1248 montes
986 1232 994 1259 ‚
1006 1192 1081 1265 des-7

122 1262 292 1331 cenderunt
304 1261 418 1329 valles,
431 1271 524 1331 prout
536 1277 628 1318 suum
641 1263 753 1334 cuique
767 1265 899 1336 spatium
914 1265 994 1321 Deus
1008 1277 1085 1320 rec··

121 1340 170 1392 tor
181 1334 322 1391 omnium
336 1333 516 1402 designavit.
538 1334 634 1406 Aquis
651 1350 725 1392 vero
738 1336 821 1393 idem
843 1337 946 1409 posuit
965 1336 1073 1393 termi-

121 1420 223 1474 num,
256 1420 350 1478 mem
374 1418 536 1476 nunquam
561 1406 708 1478 deinceps
733 1409 927 1476 transirent,
955 1417 1073 1466 terram

121 1476 206 1535 nullo
231 1476 346 1547 iterum
368 1478 474 1535 seculo
502 1478 721 1536 inundaturae.
741 1483 794 1537 list
819 1488 858 1537 et
874 1480 933 1538 alia
959 1481 1072 1538 borum

121 1564 269 1609 versuum
286 1549 471 1621 explicatio,
498 1551 658 1621 deprimis
677 1552 751 1623 ipsis
768 1562 922 1611 terrarum
936 1550 1083 1610 incuna?

120 1623 224 1691 bulis,
247 1637 309 1693 quo
329 1631 469 1693 tempure
486 1623 569 1680 Deus
586 1624 694 1681 orbem
707 1624 799 1682 bunc
816 1634 847 1682 et
867 1623 967 1681 maria
982 1628 1083 1696 sepa-³

120 1695 220 1753 ravit:
241 1695 296 1751 sed
315 1695 382 1753 haec
401 1695 552 1752 sententia
566 1696 796 1753 difficultatibus
813 1695 1000 1766 implicatur.
1083 1705 1085 1711 ’

133 1771 193 1837 „pa
208 1770 273 1823 Pro
284 1766 421 1823 humore
441 1775 556 1823 terram
575 1767 745 1825 liberaliter
764 1769 922 1836 irrigante.
943 1765 1069 1824 Moritu-

121 1856 176 1898 rus
199 1839 296 1896 lacob
318 1878 337 1901 ,.
355 1839 430 1895 dum
451 1841 587 1910 losepho
609 1840 672 1897 silio
693 1841 773 1896 bene
798 1846 943 1910 precatur
957 1837 1094 1913 ,interQ

122 1912 183 1972 alia
193 1912 316 1982 arquis:
333 1911 517 1984 Omnipotens
532 1911 674 1968 benedicet
695 1912 746 1973 tibi
762 1910 1001 1967 bmedictiouibas
1013 1910 1076 1967 coeii
1084 1925 1086 1929 ’

121 1985 269 2057 iesuperu
293 1982 533 2040 benedictionibus
556 1984 654 2056 abyssi
668 1983 798 2053 ¹jaceatis
821 1985 964 2039 deorsum.
997 1978 1088 2040 Gen.¹

17 2048 24 2127 ⁴,
120 2069 200 2114 xcix
215 2057 260 2110 25.
282 2054 367 2113 Coelo
382 2064 524 2127 terraque
536 2054 582 2110 illi
600 2055 821 2112 abundantiam
837 2056 987 2126 aquarum
1001 2048 1087 2127 pro-¹
1109 2066 1111 2069 ·

120 2128 240 2195 mittit,
262 2136 293 2183 et
304 2127 531 2187 fertilissimum
551 2125 676 2193 solum,
698 2126 848 2196 quintum
870 2126 1000 2182 rurisac
1013 2126 1076 2180 im·

121 2200 225 2258 bulum
242 2241 251 2266 ,
269 2207 333 2256 tum
351 2200 482 2256 fontium
500 2206 530 2254 ct
548 2198 688 2254 amnium
704 2197 793 2267 copia
811 2197 1001 2265 gavisurum.

159 2272 197 2340 i)
216 2273 274 2328 Pro
286 2271 418 2342 copiosis
429 2280 460 2328 et
472 2270 615 2340 gravibus
630 2267 791 2339 aerumnis.
805 2271 830 2323 A
867 2283 930 2323 usus
941 2267 1078 2339 abyssum

122 2345 257 2410 inuocat,
280 2344 311 2398 ia
331 2359 399 2400 uoce
424 2346 649 2399 cataractarum
669 2351 800 2397 tuarum.
890 2340 940 2395 nia
964 2339 1089 2396 eaceisa²

121 2427 194 2485 tua,
214 2425 243 2472 et
258 2416 362 2489 fluctus
376 2417 419 2489 tui
431 2432 517 2487 supet⁴
529 2432 574 2471 me
587 2415 777 2483 transierunt.
799 2414 848 2470 Ps.
872 2412 965 2470 11118.
989 2406 1078 2471 Gala·

120 2490 213 2547 mitas
233 2488 446 2546 calamitatem
465 2488 598 2560 excipit,
628 2495 658 2543 te
673 2492 849 2544 cataractas
874 2485 1019 2553 laxante,
1047 2491 1080 2542 et

120 2576 279 2620 aerumnas
295 2561 328 2616 in
341 2572 393 2617 me
402 2559 590 2629 immittente
606 2574 614 2616 ε
628 2573 761 2631 quarum
775 2556 912 2628 gurgites
923 2564 954 2614 et
965 2558 1077 2615 ductus

120 2633 260 2693 universi
274 2647 327 2690 me
344 2632 521 2691 obruerunt.
1083 2628 1088 2695 Ῑ

136 2708 193 2775 *bl
213 2709 275 2762 Pro
296 2704 407 2776 amplis
429 2704 565 2773 divitiis,
590 2719 647 2775 per
666 2702 787 2762 multos
805 2716 902 2760 annos
921 2699 1074 2771 repositis.

120 2783 187 2836 flac
198 2779 324 2835 ostenda
335 2778 404 2832 mibi
415 2778 552 2832 Dominus
569 2780 644 2832 Deus
658 2791 668 2830 .·
682 2785 711 2832 et
725 2791 788 2831 ecce
802 2777 925 2832 uocabat
934 2773 1087 2846 judicium

121 2852 162 2907 ad
179 2851 278 2921 ignaru
293 2850 431 2907 Dotuiaus
447 2853 521 2905 Deus
535 2866 546 2904 .·
569 2858 597 2904 et
611 2848 761 2905 amoravii
780 2849 915 2921 abyssum
929 2848 1077 2911 maltam,

121 2934 152 2980 et
168 2923 291 2979 comedit
308 2923 394 2977 simui
408 2931 531 2992 partem.
555 2923 649 2977 Amos
668 2930 718 2977 vit
731 2922 757 2985 i.
779 2920 906 2978 vocavit
922 2920 1005 2974 Deus
1023 2932 1076 2974 re-

122 3010 219 3065 gnum
237 2995 316 3050 luda
330 2993 532 3063 adjudicium
546 3035 554 3059 ,
579 3001 610 3049 et
629 2992 706 3048 illud
717 2991 828 3063 punire
841 2990 977 3048 decrevit
992 2989 1089 3056 igne.

122 3068 208 3137 ignis
221 3067 272 3123 bic
290 3066 348 3123 fuit
365 3066 672 3131 Nabuchodonosor,
697 3065 751 3134 qui
764 3077 844 3134 ,opes
859 3057 1079 3141 regnidudaici

122 3138 297 3197 immensas
318 3138 529 3208 consumpsit,
550 3145 669 3207 etpost
691 3135 784 3191 urbes
804 3131 1090 3199 caeterasdemque

122 3211 224 3282 ipsam
243 3209 492 3282 Hierosolymam
511 3224 546 3267 ac
564 3208 717 3278 templum
734 3203 906 3269 cremavit,
926 3202 1091 3272 quae‘pars‘

121 3284 248 3354 propria
259 3297 315 3339 scu
327 3281 490 3339 haereditas
503 3280 631 3338 Domini
643 3287 718 3336 erat.
739 3279 958 3332 consternatus
984 3272 1091 3355 Amos·

121 3363 212 3426 rogat
229 3355 305 3424 bic,
326 3369 371 3410 ne
391 3354 487 3409 iratus
504 3352 654 3409 Dominus
677 3356 775 3406 totam
792 3354 916 3416 gentem
939 3343 1079 3399 funditus

123 3427 226 3485 deleat
243 3442 258 3483 ι.
276 3426 363 3498 quod
381 3424 490 3483 evitari
510 3425 572 3496 jain
593 3429 663 3493 post
688 3420 749 3476 tale
768 3417 896 3475 exitium
909 3415 1081 3498 ¹videbatur

121 3512 187 3556 non
200 3512 302 3570 posse.
322 3499 509 3565 Miscetusest
526 3495 663 3551 Datianus
682 3499 768 3562 supet
787 3493 838 3546 bac
853 3504 863 3542 .·
881 3488 937 3545 Sed
958 3495 985 3542 et
1003 3487 1092 3557 istud

122 3586 184 3626 aaa
203 3571 283 3636 erit,
304 3570 379 3625 dixit
399 3568 536 3624 Doartiuus
552 3572 683 3623 Deus-u
703 3565 730 3617 ti.
752 3562 869 3625 idest,
890 3562 955 3616 Non
973 3557 1082 3614 delebo

123 3642 249 3713 penitus
262 3640 384 3697 iudam.
405 3640 493 3709 Quod
502 3647 568 3694 tum
582 3635 740 3707 apparuit,
754 3644 827 3687 cum
839 3633 923 3686 Deus
935 3629 971 3684 70
985 3639 1082 3709 anno-

125 3727 198 3772 rum
215 3711 423 3785 captivitatem
440 3724 497 3785 per
514 3711 629 3783 (lycum
641 3704 739 3762 solvit.
761 3705 904 3771 Regnum·
915 3703 1092 3770 Assyrium·

1083 2186 1089 2219 1.
