2475 4034
409 41 595 111 Caranum.
644 44 793 118 Curres.
936 58 945 91 l
1007 76 1072 131 aaa

120 150 255 222 Craticii,
263 162 383 229 propter
392 157 471 230 quod
482 158 595 214 locotus
604 174 669 217 sum
675 180 687 229 ,·
696 173 725 218 er
736 180 789 221 nos
796 166 951 241 aeuum,
960 185 1078 246 propser

121 229 201 301 quod
218 236 247 284 et
264 228 423 301 loquimar.
445 232 472 284 2.
495 230 563 286 Cor.
586 242 620 288 tv
642 234 692 301 ιδ,
713 250 751 293 ex
765 240 813 294 Ps.
836 250 898 296 cxv
920 246 1077 305 1.Eodcm

119 300 234 370 spiritu
248 300 367 356 Psaltcs
381 308 412 356 et
428 301 541 357 Paulus
554 302 626 359 ideo
637 304 732 362 locuti
746 316 834 376 sunt,
854 312 925 382 quia
938 316 1077 375 credide·

119 380 200 430 rant.
216 376 343 443 Propter
356 372 433 444 qaod
445 380 493 428 cst
505 384 707 445 quapropter,
722 381 877 449 quocirca.
1069 432 1072 439 ,

155 445 191 513 tr)
216 444 353 500 Credere
367 446 453 509 Deo,
474 445 602 502 eredere
618 447 650 503 in
671 451 751 518 Deo,
771 451 898 510 credere
916 454 1074 518 inheum.

115 514 254 584 Quidam
266 515 334 572 haec
353 514 505 575 subtiliter
513 516 641 574 interse
652 519 852 590 distinguunt.
871 525 1011 584 Sciamus
1026 534 1077 587 ao*

116 594 184 643 tem
208 586 329 658 linquit
346 586 524 656 Theologus
539 589 754 659 doctissimus,
769 602 800 649 et
814 597 968 668 interpres
982 607 1077 661 atten-

117 657 280 726 tissimus,
299 658 503 717 Franseiscus
516 659 648 729 Ribera,
664 662 696 718 in
713 664 918 724 commentar.
932 670 1074 740 majorib.

117 729 153 786 in
165 731 298 797 donam,
320 730 358 786 ad
370 745 397 786 c.
414 731 476 786 511.
501 734 553 801 29)
578 733 719 790 Sciamus
734 744 855 806 autem,
872 740 1076 813 inscriptura

119 800 232 858 eadem
249 799 475 870 significatione
486 801 627 862 dicihaee
639 805 718 872 tria;
734 808 845 878 idque,
866 811 930 868 sive
943 813 981 870 dc
991 816 1073 883 Deo,
1161 840 1165 849 ·

119 873 187 930 sire
205 872 242 928 de
254 872 382 931 homine
396 886 500 930 sermo
510 875 568 940 sit,
585 876 656 949 cui,
675 878 723 935 vel
735 879 857 949 inquo,
876 890 928 938 aut
939 883 971 941 in
982 900 1075 956 quem

116 943 275 1019 credatur.
302 947 501 1005 Demonstrat
521 946 581 1004 hoc
603 949 753 1022 exemplis
774 950 915 1022 pluribus
935 957 1074 1027 aquibus

115 1028 177 1086 ego
190 1015 349 1073 brevitatis
359 1017 460 1086 *gratia
474 1019 670 1088 supersedeo.

118 1111 123 1119 .
156 1089 319 1145 canutum.
342 1084 449 1152 hatina
464 1103 543 1158 vox,
564 1090 619 1147 sed
630 1091 734 1150 minus
747 1101 820 1152 uota
832 1111 841 1161 3
864 1098 1074 1157 acremauder

109 1156 291 1217 >columella
304 1167 399 1227 teste,
419 1160 503 1229 ligna
520 1161 716 1232 tenuissima,
732 1166 962 1235 quibusiornax
969 1169 1075 1226 incen-

119 1229 220 1298 ditur,
243 1231 354 1288 rustici
376 1232 494 1288 cremia
516 1232 718 1304 appellabant
731 1237 815 1292 Ossa
832 1254 897 1299 meu
917 1240 992 1299 sicut
1012 1257 1074 1296 cre-

116 1302 208 1359 mium
221 1311 376 1358 aruerant.
395 1306 442 1359 Ps.
459 1313 493 1359 ct
506 1306 531 1367 t.
563 1328 566 1333 =
1071 1348 1073 1355 ι

118 1374 254 1430 neutro.
266 1377 322 1431 die
334 1374 444 1432 Divina
460 1374 614 1445 Sapientia
635 1392 643 1433 τ
660 1378 899 1449 Prioromnium,
920 1388 991 1439 aute
1004 1396 1074 1439 om-

82 1469 86 1478 ·
116 1444 167 1502 nia
178 1486 188 1511 ‚
201 1448 323 1522 ¹creata,
340 1446 360 1502 i.
376 1461 402 1502 e.
420 1447 545 1521 genita,
556 1448 773 1521 est'Saplentiu,
788 1461 817 1507 et
830 1454 1072 1526 intellectasprn-

97 1542 100 1545 ·
117 1516 220 1572 dentice
236 1519 273 1575 ab
291 1521 368 1586 oeoo',
384 1518 405 1573 i.
421 1530 447 1574 e.
464 1518 603 1577 verbum
616 1521 763 1578 Divinum
781 1523 818 1579 ab
832 1533 957 1582 aeterno.
977 1525 1070 1584 Eccli.

117 1598 131 1649 l
143 1590 260 1660 hipra,
278 1593 369 1646 Pater
382 1597 532 1658 aeternus,
550 1592 660 1649 creauit
670 1636 672 1641 ,
682 1595 762 1649 ittam
779 1596 809 1648 tn
823 1597 933 1665 Spiritu
945 1601 1070 1665 Sancto,

114 1660 191 1718 ibid.
206 1677 233 1718 v.
250 1680 274 1729 9.
290 1662 401 1729 idest,
422 1661 612 1732 Sapientiam
624 1667 745 1732 genuit,
770 1675 801 1722 ct
813 1667 961 1736 spiritum
976 1671 1072 1726 Sanc-

114 1741 184 1791 tum
201 1732 330 1803 spiravit
336 1751 347 1800 3
365 1748 439 1789 nam
455 1734 486 1788 in
502 1748 561 1805 pro
574 1750 642 1810 cam
653 1736 849 1794 hebraismus
863 1746 919 1794 est.
1068 1758 1073 1796 :

118 1842 121 1849 ι
138 1806 312 1862 damnum.
330 1804 502 1862 Concutiunt
514 1806 683 1869 inomnibos
692 1809 826 1876 gentibus
837 1809 1071 1878 domumlsroil,

115 1877 189 1933 sicat
202 1879 370 1933 concutitur
389 1878 521 1933 triticum
541 1878 571 1933 in
593 1879 719 1935 cribro:
738 1880 767 1934 et
784 1881 941 1939 coacedet
959 1878 1071 1952 lapillus

59 1992 66 2009 s
101 1964 201 2021 super
220 1960 340 2006 turum.
362 1952 456 2006 Amos
477 1960 511 2004 tx
527 1968 552 2019 a
580 1951 615 2005 ld
631 1959 739 2007 nostra
757 1950 852 2010 etiam
864 1960 952 2008 aetate
970 1953 1072 2011 iacere

115 2022 198 2078 Deus
217 2021 334 2092 pergit,
345 2021 429 2077 vdum
440 2022 586 2078 Hebraeos
603 2035 660 2091 per
671 2034 781 2078 omnes
796 2031 901 2092 gentes
914 2024 1072 2095 circumii-

102 2091 177 2160 -cit,
200 2107 260 2150 nec
271 2092 336 2151 uilo
354 2092 525 2149 consistere
534 2091 846 2162 locopatitur.-Quos
859 2102 964 2152 tamen
975 2097 1072 2153 aediti·

113 2165 221 2222 candae
235 2164 354 2222 coelesti
366 2164 540 2231 Jerusalem
553 2162 646 2233 elegit
657 2163 774 2233 lapides
787 2166 892 2233 viros,
906 2180 1016 2223 eorum
1031 2183 1071 2223 ne

111 2250 196 2295 unus
217 2237 346 2308 quidem
360 2234 482 2321 peribit.
504 2234 563 2303 Qui
578 2235 661 2291 duas
679 2236 735 2291 has
756 2236 973 2297 similitudines
991 2237 1072 2294 inter

114 2323 148 2365 se
167 2308 356 2374 conciliare,
375 2306 467 2364 etad
486 2320 581 2364 unam
600 2308 871 2365 revocareseonari
884 2316 974 2374 sunt,
988 2307 1071 2365 luse-

113 2387 187 2435 runt
204 2393 357 2451 operam:
383 2378 494 2435 transit
510 2378 660 2449 propheta
676 2376 777 2436 subito
798 2394 815 2434 a
834 2379 1013 2449 metaphora
1033 2382 1071 2438 ad

113 2452 347 2522 metaphoram,
369 2451 454 2527 quod
465 2451 576 2520 saepius
588 2449 622 2506 in
635 2441 753 2507 Divinis
766 2451 865 2508 labris
878 2451 1032 2509 usuvenit.

121 2525 313 2581 ·-(ittoctto8.
336 2522 390 2592 Qoi
407 2523 616 2580 nutriebantur
634 2524 663 2576 ia
680 2523 805 2590 muccis,
824 2524 983 2595 amplexati
1001 2531 1071 2579 sunt

115 2603 256 2653 stercora.
280 2594 395 2651 Thren.
412 2605 446 2650 tv
463 2596 489 2657 ,5.
511 2592 672 2651 Falluntur
683 2594 847 2663 opinione,
863 2595 915 2666 qui
930 2594 1068 2653 conditos

114 2680 208 2725 croco
230 2664 521 2734 eibosdnrelli‘gunt
541 2673 699 2722 :namet
723 2666 1020 2735 veritashebraica,
1039 2675 1070 2725 ot

111 2746 178 2796 latit
195 2737 414 2809 habentlsoper
430 2739 675 2807 cocomdtaque,
703 2738 755 2807 qui
767 2737 883 2797 cibum
906 2740 1068 2795 sumebant

114 2811 330 2868 recumbentes
343 2810 376 2865 in
389 2810 545 2880 purpura,
566 2809 698 2865 nuncin
714 2808 941 2880 sterquilinium
958 2809 1068 2879 abjecti

111 2889 203 2951 sunt,
223 2882 256 2937 in
269 2880 424 2959 squallore
437 2895 473 2937 ac
486 2879 631 2939 sordibus
643 2880 753 2952 jacent.

118 3002 120 3007 .
149 2955 368 3011 (intersimus.
388 2951 485 3016 dccli.
497 2962 579 3008 xttn
597 2967 641 3007 aa.
659 2950 851 3023 proglucie,
869 2966 937 3023 quae
949 2950 1070 3023 poetice

113 3023 156 3081 ibi
171 3024 331 3096 eleganter
350 3023 543 3093 describitur.
573 3025 634 3080 Pro
656 3023 847 3093 glacieitem
869 3031 901 3080 et
918 3023 1069 3092 grandine

37 3105 41 3113 '
112 3097 239 3168 ponitur
249 3099 423 3163 Psutttvtt
432 3097 467 3162 li,
475 3094 653 3166 tibipsaltes
666 3095 751 3152 addit
762 3110 770 3151 :
781 3104 851 3151 ante
862 3093 1069 3164 saciemfra'go·

113 3168 155 3224 ris
167 3169 231 3240 ejas
244 3171 308 3242 quis
321 3168 514 3225 substinebit?
532 3181 596 3238 prae
608 3167 675 3237 ejus
686 3167 802 3233 frigore
814 3166 888 3248 quis.
897 3164 1044 3246 consistet
1055 3149 1070 3216 i

127 3256 129 3262 ’
151 3241 294 3308 emtus,
304 3239 549 3312 ‘Quaadoseolcris
562 3242 600 3294 'ot'
614 3239 746 3296 canutus
761 3251 829 3290 com
840 3248 970 3306 princepe
970 3270 1064 3288 .....

114 3319 214 3377 statue
231 3315 360 3370 rattruut
381 3313 545 3386 inpetrare
563 3321 621 3367 tao.
647 3310 736 3393 Pror.
757 3316 842 3362 xxm
866 3324 876 3358 r
902 3319 957 3386 sq..
973 3305 1068 3358 Tem-

108 3398 188 3454 ·pera
202 3385 386 3456 appetitum,
400 3383 504 3441 recide
517 3381 742 3455 quodnimmm
755 3384 803 3433 est
817 3391 877 3433 :ne
885 3388 1068 3457 aaronem·

114 3456 192 3513 daco
206 3457 298 3526 (ibid.
315 3472 342 3529 r.
359 3457 385 3509 ὅ.
400 3455 511 3525 tribus
526 3452 679 3511 delicatus
691 3457 723 3507 et
733 3446 845 3514 fallax,
864 3456 895 3503 te
909 3447 978 3502 decr
1002 3451 1066 3510 rat,

114 3535 148 3584 ut
184 3528 422 3599 eprehendaris,
447 3536 481 3584 ut
496 3523 711 3597 poenitendum
723 3519 840 3590 aliquid
852 3532 926 3577 cum
948 3531 967 3575 o
991 3530 1066 3575 ensa

113 3598 159 3673 pr'
185 3599 264 3672 cipis
284 3592 420 3672 loquaris
437 3607 493 3661 aut
511 3611 592 3667 agas.
852 3640 856 3649 ,
904 3661 921 3712 6
