2475 4034
206 147 283 227 ooo
345 141 348 148 ⁴
487 168 509 200 ·'
537 144 655 216 Mona.
705 142 820 211 Mons.
860 184 866 190 -

209 264 275 328 xliv
294 262 336 325 η’.
362 251 641 334 nabenus'itaqde
659 272 767 317 mnam
786 243 993 328 fledraic'am,
1015 244 1052 312 do
1064 240 1161 319 siclo-

211 354 282 400 rum
297 357 305 400 a
325 340 377 466 (ἱαί
388 339 480 395 libras
490 343 641 393 nostrates
656 334 690 402 96
702 330 880 390 conficiunt.
895 331 958 385 cur
970 341 1040 386 eam
1054 337 1161 389 autem

211 412 339 470 Eneehie
362 410 394 465 in
407 417 468 465 tres
481 414 583 478 partes
596 413 661 469 tam
674 403 811 475 dispares
825 402 938 471 trangit
951 403 965 455 Ρ
983 400 1161 475 Respondet

211 484 308 545 llahbi
319 478 440 547 David,
461 491 554 550 quem
573 484 714 533 auctores
730 475 824 531 etiam
837 471 1002 529 Christiani
1020 487 1160 543 sequun-

211 564 278 624 tur,
296 554 355 610 tria
373 551 471 608 luisse
483 547 626 621 distincta
638 558 840 628 nummorum
858 558 994 614 genera,
1021 560 1056 596 oo
1068 543 1160 600 siclo·

180 642 183 647 ’
212 641 309 693 rum,
340 625 372 676 15
395 622 562 689 siclorum,
592 627 623 675 et
645 619 679 675 25
698 659 707 686 ,
736 630 804 687 quae
824 630 857 671 m
881 630 977 672 unam
1002 627 1161 671 summam

211 696 338 755 collecta
350 694 469 752 minam
476 693 594 761 regiam
603 704 659 747 seu
668 697 765 747 totam
777 693 1009 758 componerent.
1022 687 1161 758 Scripto-

213 782 283 825 rum
305 766 399 837 aliqui
420 777 526 821 mnam
545 775 667 819 sacram
688 777 705 818 a
725 758 844 828 vulgari
862 758 1078 842 distinguunt,
1106 773 1161 815 ne·

211 837 351 908 genubus
375 836 450 894 aliis.
472 836 498 892 5.
521 837 593 904 lteg.
618 845 640 890 x
664 851 695 902 ¹7
716 831 874 889 minarum
894 835 1161 904 nommetantum

212 909 304 968 siclos
318 905 448 977 intelligi
460 949 468 975 ,
489 919 639 978 perquam
652 904 692 961 sit
703 901 881 962 verisimile.
953 976 957 985 f

137 986 141 999 ¹
247 984 356 1039 MDAB·
380 981 446 1036 vid·
463 979 495 1033 in
514 981 586 1035 voc·
607 980 717 1048 Agnus·
734 1023 738 1035 .,
1129 1000 1133 1005 ’

247 1055 429 1120 montcue,
452 1053 613 1107 Mourena.
628 1051 726 1105 Amor
743 1046 909 1119 modicum,
932 1043 1028 1100 tonna
1040 1043 1071 1100 to
1082 1043 1163 1103 nobis

213 1134 264 1181 cst.
283 1127 376 1181 loan-
394 1133 442 1179 xtt
458 1123 502 1176 55.
526 1124 591 1176 Non
613 1119 810 1191 reprehendit
827 1116 964 1173 Christus
991 1116 1162 1186 discipulos

214 1211 271 1253 eeu
291 1208 402 1267 parum
418 1192 623 1262 intelligentes
637 1232 646 1259 ,
667 1191 721 1247 sed
735 1230 744 1257 ,
765 1197 801 1246 ut
812 1202 850 1244 ex
863 1200 963 1258 graeco
975 1187 1059 1244 fonte
1071 1187 1163 1258 liqui·

214 1267 376 1325 dissimum
395 1273 466 1332 est,
495 1263 582 1321 brevi
606 1277 639 1319 se
665 1263 875 1318 discessurum
899 1259 1047 1330 praedieit.
1062 1332 1065 1336 Α
1079 1262 1163 1316 Luce

214 1353 303 1407 mea,
323 1336 514 1393 institutione
528 1349 564 1392 ae
578 1334 741 1405 praesentia
755 1373 765 1401 ‚
778 1333 841 1404 jam
854 1343 916 1387 non
931 1330 984 1387 diu
1001 1331 1160 1389 fruemini.

215 1409 330 1465 uadem
345 1422 419 1477 ergo
441 1413 489 1463 est
505 1406 677 1471 sententia,
701 1419 769 1475 quae
794 1402 881 1460 doen.
904 1412 966 1458 utu
985 1402 1019 1453 55
1038 1417 1046 1458 :
1062 1404 1165 1463 Adhuc

214 1481 359 1551 modicum
377 1479 521 1537 vobiscum
539 1494 627 1546 sum;
648 1485 680 1532 et
697 1479 786 1533 doen.
804 1485 914 1544 uturp
931 1491 940 1534 a
957 1474 1056 1530 Adduo
1070 1475 1163 1551 modi·

213 1568 279 1608 cum
292 1593 300 1621 ,
315 1560 343 1607 et
360 1550 483 1607 mundos
501 1564 547 1605 me
559 1550 626 1619 jam
644 1563 703 1606 aton
720 1548 806 1604 videt.
1112 1572 1114 1581 ν

250 1624 289 1691 ‘ll
304 1622 451 1679 Homines
469 1621 600 1688 modici;
615 1620 636 1676 i.
651 1636 681 1676 e.
696 1619 818 1690 plebeiis
833 1614 926 1673 Eceli.
942 1626 1026 1674 xvnt
1040 1617 1083 1673 52.
1104 1618 1163 1686 Qui

185 1753 187 1757 .
214 1693 319 1764 legunt
334 1694 489 1751 immodicis
503 1726 524 1761 ,ι
536 1692 573 1749 de
586 1691 758 1763 sumptibus
774 1690 1024 1757 interpretantur.
1046 1687 1163 1747 ohscu-

214 1765 337 1823 rltatem
354 1764 436 1822 illius
452 1766 514 1825 loci
530 1764 662 1821 discussi
677 1763 709 1818 in
725 1765 798 1818 voe.
824 1760 999 1818 commissio.

248 1840 393 1897 nonnus.
417 1839 452 1893 ln
472 1834 717 1892 luculentissima
736 1830 821 1890 senii
836 1829 1041 1904 hypotyposi,
1065 1846 1179 1903 quam,

213 1914 310 1966 totam
324 1908 417 1965 simul
429 1909 507 1966 dabo
520 1909 552 1964 in
569 1909 642 1964 voe.
662 1907 849 1980 Torporem,
869 1901 1015 1974 leguntur
1026 1904 1163 1961 molentes

214 1993 270 2050 pro
283 1980 434 2037 dentibus.
449 1980 549 2037 lleele.
567 1991 615 2036 x11
629 1979 646 2030 5
659 1993 704 2049 sq.

170 2117 207 2127 .,.
248 2053 435 2109 llouusrus.
458 2053 589 2108 lubente
607 2051 741 2108 Domino
753 2062 858 2120 regem
873 2049 972 2106 dolraz
984 2056 1088 2121 petere
1102 2045 1164 2105 sibi

214 2120 359 2192 signum,
380 2122 592 2195 qualecunque
604 2122 729 2190 mallet,
750 2122 825 2179 diota
838 2123 935 2177 Actoz
948 2137 956 2177 ε
971 2126 1031 2178 Non
1042 2122 1161 2193 petam,

214 2204 243 2251 ct
263 2210 321 2250 non
339 2195 453 2250 tentabo
471 2197 631 2251 Dominum.
653 2198 692 2249 Et
703 2194 777 2250 otoo
794 2210 806 2248 .·
824 2193 927 2249 Audite
943 2208 1015 2264 ergo
1025 2233 1037 2261 ,
1061 2192 1166 2248 domus

202 2268 304 2325 auootd
315 2283 326 2322 .·
338 2266 471 2339 Numquid
480 2283 588 2338 parom
599 2266 676 2322 voto
689 2275 733 2322 est
740 2266 898 2331 ,molestos
910 2279 970 2318 esse
979 2265 1165 2330 dommum,

214 2339 283 2411 quio
294 2338 406 2394 molesti
414 2338 481 2393 estis
497 2347 526 2393 et
540 2342 598 2392 Deo
610 2338 700 2391 meoi’
718 2344 804 2392 ιλιι
820 2333 982 2392 luctamini
1000 2347 1074 2391 cum
1085 2336 1163 2391 De0.

213 2413 251 2464 ls.
272 2419 322 2466 vu
342 2424 371 2460 ια
391 2422 435 2477 sq.
454 2409 624 2475 Crederes,
645 2407 738 2471 verba
758 2404 838 2473 regis
859 2419 877 2460 a
895 2404 1050 2460 modestia
1069 2405 1167 2474 proli-

214 2478 312 2545 eisci,
335 2477 396 2533 nisi
414 2476 568 2545 prophetoe
586 2477 769 2546 vituperatio
786 2476 1035 2540 demonstraret,
1058 2477 1168 2545 pravi-

213 2555 308 2604 tatem
321 2548 416 2604 animi
429 2547 554 2603 latuisse
569 2565 579 2613 ς
592 2561 660 2619 quae
672 2560 736 2603 non
748 2544 924 2617 hominibus
936 2551 1078 2614 tantum,
1091 2558 1172 2617 pros¹

213 2618 336 2689 plactis,
364 2617 599 2684 sacerdotibus,
626 2617 714 2673 bonis
739 2616 909 2682 omnibus3
937 2615 993 2672 sed
1016 2616 1167 2688 ipsilleo

214 2689 334 2761 pridem
344 2688 516 2758 reluctans,
531 2688 611 2746 coelo
620 2697 772 2760 terraeqne
780 2686 910 2744 molesta
922 2694 953 2744 et
962 2699 1057 2746 exosa
1070 2699 1163 2755 esset,

214 2761 381 2818 liratenim
394 2760 493 2817 nehaz
506 2774 578 2818 eum
596 2760 660 2817 suis
674 2761 805 2819 deorum
817 2758 1011 2829 mancipium
1027 2802 1036 2828 ,
1059 2768 1090 2818 et
1102 2761 1163 2821 hac

213 2834 381 2890 verborum
397 2832 556 2889 honestate
573 2846 714 2889 aversam
740 2847 757 2889 a
775 2834 841 2889 Deo
862 2840 999 2888 mentem
1017 2833 1160 2902 tegebat,

214 2904 293 2961 nihil
313 2904 550 2975 speireponens
566 2905 599 2961 in
618 2903 728 2961 Divina
749 2903 814 2962 sive
853 2903 989 2970 utentia,
1011 2903 1076 2961 sive
1090 2918 1163 2977 pro·
1220 2908 1222 2915 ⁴

214 2976 370 3034 missione.
389 2979 471 3032 Deus
487 2983 613 3043 tamen,
640 2976 774 3033 bonitate
790 2919 910 3032 inlinita
928 2974 1078 3033 malitiam
1093 2976 1164 3032 riu-

214 3059 311 3115 eens,
338 3048 460 3116 signum
485 3047 562 3104 iilud
581 3049 741 3104 annuntiat
761 3047 905 3105 omnihus
927 3045 1040 3104 seculis
1060 3045 1164 3103 obstu-

90 3097 93 3105 ⁴
181 3181 183 3185 ,
214 3118 429 3189 poscendum,
456 3120 613 3189 Virginem
634 3120 826 3189 parituram,
853 3127 884 3175 et
907 3117 1041 3188 virginis
1064 3117 1163 3176 illium

215 3189 470 3259 Emmanuelem,
493 3189 514 3247 i.
532 3205 559 3247 e.
580 3190 745 3248 nobiscum
761 3193 869 3247 Deum.

249 3263 405 3321 ilotoou.
418 3261 666 3321 ammonitarum
679 3264 780 3331 Deus,
795 3260 950 3319 llelclrom
963 3272 1084 3332 quoque
1097 3259 1163 3317 die-

214 3338 286 3400 tus,
308 3333 358 3389 cui
372 3332 485 3389 liberos
502 3345 576 3389 suos
591 3347 648 3402 per
668 3331 1024 3402 ignem-consecrabant.
1046 3336 1163 3387 Portas·

215 3404 252 3458 tis
265 3404 484 3460 tabernaculum
492 3405 599 3462 uotoco
610 3413 714 3461 oestro.
727 3408 821 3461 Amos
831 3415 853 3463 v
863 3405 906 3460 26.
921 3402 1054 3461 Honoris
1065 3403 1162 3474 gratia

159 3524 163 3530 ,
215 3486 390 3544 conopeum
407 3489 498 3546 supra
512 3474 714 3533 simulacrum
729 3475 897 3546 gestabant.

250 3546 357 3603 Mons,
382 3547 472 3602 Nolite
495 3548 574 3621 loqui
592 3548 729 3603 adversm
749 3552 840 3602 Deum
861 3545 1073 3619 iniquitatem:
1093 3544 1163 3617 poia

214 3628 305 3686 neque
321 3616 358 3670 oo
376 3619 513 3687 oriente,
533 3636 625 3692 acque
644 3620 680 3675 od
700 3619 850 3675 Occidente
859 3657 871 3686 ‚
892 3633 983 3690 neque
1002 3633 1022 3672 o
1043 3616 1162 3673 deserto

192 3704 193 3707 ¹
215 3686 366 3742 mentitos.
390 3689 438 3745 Pa.
462 3693 595 3749 nxmvt
617 3704 662 3762 sq.
684 3689 805 3762 ullipsis
830 3696 878 3749 est
896 3703 904 3760 ς
928 3689 998 3761 quia
1019 3686 1103 3751 uuila
1123 3702 1162 3747 ex
