2475 4034
207 102 288 177 ‘rga
411 67 418 79 ²
486 83 681 153 ,ssllaaasrs
732 83 890 149 Harena.

221 202 342 257 samma
350 194 531 268 ignominia.
546 195 651 252 Hostis
664 201 810 266 tanquam
823 195 922 252 haeres
935 195 1171 265 possessionem

221 270 342 327 israelis
360 282 514 338 eousque
539 266 723 337 occupabit,
744 276 778 322 ut
795 281 834 322 ex
851 267 970 322 Maresa
989 268 1077 323 dode
1089 269 1170 326 urbe
1224 313 1228 320 .

221 340 359 411 conspici
368 339 464 410 possit
477 346 527 395 :et
539 336 708 406 ignominia
720 336 977 394 decemtribuum
990 338 1170 409 subjugum

220 412 386 470 missarum
407 423 506 481 usque
528 409 567 465 ad
585 408 662 464 lines
680 409 794 464 ludaeae
812 408 980 478 perveniet.

231 542 234 545 ,
255 484 415 539 Emensis.
424 479 643 551 Apuddraecos
651 479 834 549 Latinosque
845 485 964 534 veteres
972 493 1171 550 nequaquam

219 552 480 610 contumeliosum
491 558 574 615 erat;
586 548 641 606 sed
647 550 844 620 opinionem,
855 548 1069 620 disciplinam,
1082 551 1171 606 insti·

221 631 323 680 tutum
335 621 533 692 significabat.
555 620 669 677 Paulus
681 620 748 691 ipse
756 621 793 677 de
806 635 840 677 se
864 633 872 676 ε
890 621 1051 676 Secundum
1059 630 1172 678 urtam

224 698 236 765 (
254 693 380 752 insonte
392 691 703 762 grem-seeundum
720 693 819 758 viam,
841 693 1014 751 secundum
1034 691 1171 763 discipli-

220 768 334 833 nam),
358 781 448 837 quom
463 765 563 820 urunt
583 764 731 832 heresim,
755 763 797 817 sie
817 762 943 819 desumo
960 761 1043 818 Patri
1062 773 1089 819 et
1111 769 1171 821 Deo

221 851 303 903 meo,
321 837 438 894 credam
458 836 590 893 omnibus
615 847 679 906 quae
702 835 732 889 iu
754 838 827 905 Lege
847 842 876 890 et
894 834 1039 905 Prophetis
1059 835 1171 907 scriptu

222 915 299 965 sunt.
328 909 393 965 Act.
413 918 493 965 xxlv
513 909 554 971 ri.
575 909 708 963 Sensum
729 919 803 963 vero
819 905 959 962 restricte
978 906 1016 963 de
1034 903 1096 962 illis
1117 921 1170 965 ac·

222 986 347 1049 ceptum
359 985 425 1047 est,
443 978 496 1050 qui
511 984 689 1047 contempto
706 975 847 1034 ecelesiae
867 976 985 1048 judicio
1001 974 1135 1041 electum
1151 993 1170 1036 a

224 1064 258 1108 se
266 1064 405 1106 errorem
416 1065 489 1108 cum
500 1049 669 1120 pertinacia
681 1055 816 1104 tuentur.

232 1167 237 1174 .
257 1123 375 1179 lmus.
391 1121 490 1177 Nuntii
498 1121 542 1176 tui
554 1121 686 1192 usquead
697 1122 788 1174 Hostes
797 1127 997 1188 peruenerunt.
1013 1120 1053 1176 18.
1065 1119 1168 1183 xxxi.

224 1193 424 1264 drbsAEgypti
432 1191 555 1258 ultima,
570 1190 612 1246 ait
620 1191 842 1260 Hieronymus,
855 1205 964 1247 versus
975 1190 1168 1265 AEtbiopiam.

224 1263 417 1333 lixprobrat,
443 1261 526 1332 quod
549 1265 712 1332 AEgyptum
733 1261 909 1317 universam
937 1261 1169 1330 percurrerint,

224 1333 328 1461 ῗυῦιίῑϋ
339 1332 463 1404 petendi
473 1347 567 1390 causa
582 1350 590 1392 a
605 1333 690 1403 quod
701 1331 739 1387 ab
752 1333 895 1403 AEgyptiis
910 1333 1005 1403 quaeri
1018 1335 1099 1388 Deus
1110 1345 1172 1390 uo·

236 1419 254 1462 θ
277 1412 316 1460 at.

258 1476 450 1532 Hannonis.
462 1477 529 1531 Non
541 1480 663 1530 tantum
678 1480 725 1529 est
738 1481 856 1544 septem
870 1475 990 1531 dierum
999 1489 1169 1543 numerus,

225 1546 278 1601 sed
293 1554 324 1600 ct
336 1559 498 1600 alanorum.
518 1545 592 1600 Gen.
610 1555 691 1599 xxix
702 1561 735 1611 27
749 1560 794 1615 sq.
810 1561 844 1600 se
867 1547 1036 1611 lemanni,
1057 1545 1170 1615 quibus

224 1617 319 1673 Jacob
330 1615 452 1675 Labauo
465 1614 590 1681 serviit,
604 1614 799 1684 appellantur
812 1562 1013 1674 hebdomada.
1029 1621 1173 1671 doreseta-

226 1688 391 1759 disertoque
409 1688 461 1742 tihi
478 1690 585 1757 sepiem
596 1686 786 1741 hebdomadas
800 1702 954 1742 uariorum.
979 1690 1049 1743 Lev.
1065 1698 1130 1743 xxv
1142 1687 1170 1743 8.

224 1759 304 1817 Nihil
318 1758 469 1815 celebrius
484 1768 547 1814 axx
559 1757 764 1814 hebdomadis
778 1757 912 1814 Danielis
928 1769 962 1813 lx
974 1760 1008 1821 24
1020 1772 1086 1828 sqq.
1105 1759 1173 1814 bia·

224 1830 373 1887 nilestum
389 1837 436 1885 est
458 1829 624 1897 omuibus,
643 1843 695 1884 eas
720 1841 781 1885 non
801 1843 870 1885 esse
889 1829 1009 1886 dierum
1030 1837 1173 1896 tautum,

226 1915 299 1960 oum
314 1902 453 1957 sufficere
470 1908 516 1957 tot
533 1900 687 1970 tantisque
707 1900 798 1955 rebus
816 1900 958 1968 gerendis
977 1899 1062 1957 nullo
1079 1900 1175 1958 modo

226 1979 363 2042 possent.
385 1974 462 2029 Sunt
473 1985 548 2041 ergo
561 1971 634 2027 anni
646 1970 710 2030 udo.
729 1970 802 2039 Quis
816 1971 934 2040 primus
947 1971 1175 2028 hebdomadum

225 2043 338 2098 harum
349 2042 527 2099 statuendus
541 2041 580 2098 sit
591 2056 706 2108 annus,
717 2050 874 2098 certamen
883 2049 931 2098 est
940 2042 1174 2111 gravissimum,

227 2120 391 2184 etpropter
402 2114 558 2172 intricatas
572 2114 706 2184 antiquar
716 2114 1088 2175 chronotaxeosratioues
1103 2111 1176 2168 iuli-

227 2185 335 2242 uitum.
347 2183 382 2240 ld
393 2184 474 2241 iuter
483 2183 672 2242 Christianos
683 2199 792 2241 omues
803 2192 938 2251 certum,
953 2183 1094 2240 desinere
1103 2182 1174 2243 illas

226 2256 260 2313 in
271 2256 437 2326 imperium
449 2255 565 2312 Tiberii
576 2256 714 2312 Caesaris.
736 2255 858 2311 Gabriel
871 2266 923 2310 eas
933 2255 1041 2311 dividit
1051 2255 1085 2311 iu
1097 2253 1177 2311 beb-

200 2348 204 2355 ·
227 2327 374 2385 domades
387 2334 520 2396 septem,
531 2327 688 2394 sexaginta
701 2325 777 2381 duas
790 2332 821 2380 et
830 2326 980 2382 ultimam.
1002 2328 1046 2380 De
1056 2333 1177 2395 septem

227 2398 335 2467 primis
355 2396 451 2453 multa
472 2409 621 2467 perquam
637 2396 849 2452 memorabilia
868 2396 1037 2466 praedicit:
1065 2394 1176 2452 mediis

229 2467 351 2525 silentio
363 2467 539 2534 praeteritis,
559 2466 597 2521 ad
612 2465 751 2522 ultimam
764 2466 896 2532 transit,
918 2467 951 2522 iu
965 2482 1024 2536 qua
1045 2465 1177 2523 salutem

226 2537 363 2594 humano
382 2537 486 2604 generi
500 2537 637 2592 Christus
658 2551 712 2590 soa
733 2544 833 2593 morte
850 2537 955 2601 attulit
975 2554 981 2594 :
1006 2538 1089 2594 addit
1105 2545 1178 2608 post

228 2607 332 2669 omnia
349 2606 568 2677 hierosolymas
578 2620 635 2675 per
647 2609 801 2663 Romanos
813 2610 1015 2666 eversionem.

264 2679 457 2734 duramnus.
474 2677 708 2733 Videuoeninas.

265 2751 410 2805 Huurrnn.
425 2752 493 2805 don.
509 2759 543 2805 1v
555 2746 571 2799 6
585 2763 668 2819 seqq.
689 2745 874 2806 hebraicum
887 2752 1006 2806 kikaion
1021 2746 1178 2822 qnidprb-

229 2821 295 2891 prie
313 2819 478 2887 significet,
500 2821 694 2894 accuratione
713 2833 834 2876 summa
849 2823 1057 2893 llierouymus
1073 2820 1178 2892 prodi·

231 2892 290 2958 dit,
307 2892 338 2947 in
355 2892 435 2948 hunc
447 2893 532 2948 lonae
544 2892 666 2958 locum,
681 2898 712 2947 et
725 2893 812 2960 epist.
828 2893 875 2948 89.
898 2894 966 2961 Ait,
989 2904 1088 2965 gnus
1105 2906 1177 2949 osse

230 2962 367 3032 virgulti,
386 2962 446 3019 lata
464 2963 580 3020 habens
599 2963 670 3020 lolia
683 2963 715 3018 iu
729 2963 858 3021 modum
876 2965 1036 3034 pampini,
1059 2971 1089 3019 et
1108 2976 1178 3019 um·

229 3034 316 3092 bram
327 3034 562 3101 densissimam
579 3034 720 3091 celeriter
733 3049 892 3103 cresccre,
907 3043 1008 3105 etsuo
1018 3044 1130 3091 trunco
1143 3047 1179 3090 se

231 3106 399 3172 sustinere,
420 3105 535 3176 absque
554 3106 624 3161 ullis
642 3107 834 3162 calamorum
851 3114 884 3163 et
900 3106 1061 3162 hastilium
1081 3104 1179 3162 admi·

230 3176 357 3242 airolis,
368 3176 478 3246 quibus
490 3176 611 3234 hederae
622 3183 652 3231 et
660 3177 828 3233 cucurbita
840 3175 995 3246 indigent:
1010 3176 1098 3232 nasci
1108 3189 1179 3245 pas·

231 3249 291 3306 sim
301 3247 335 3305 iu
346 3247 514 3304 Palaestina.
539 3245 651 3312 Addit,
672 3242 846 3317 relinquere
869 3261 902 3303 se
919 3262 1035 3304 nomen
1054 3246 1179 3304 hebrai-

230 3332 302 3376 cum
318 3317 474 3384 noluisse,
495 3318 576 3388 quod
588 3317 686 3372 Larini
699 3331 761 3373 non
773 3316 978 3387 intelligerent
994 3337 1003 3385 ;
1017 3333 1089 3376 cum
1103 3329 1179 3374 vero

230 3388 263 3446 bi
275 3403 389 3446 nomeu
407 3389 437 3444 el
456 3386 567 3458 plantae
581 3387 741 3458 proprium
760 3403 823 3445 uon
842 3389 1010 3456 haberent,
1028 3389 1179 3446 hederam

230 3459 565 3529 interpretatum-esse,
588 3458 731 3528 exemplo
744 3459 874 3516 aliorum
887 3467 957 3516 ante
978 3475 1012 3517 se
1024 3461 1180 3531 interpre-

231 3536 306 3585 tum.
323 3530 468 3585 liamdem
482 3526 521 3585 ub
533 3542 659 3587 causam
672 3541 735 3584 unx
753 3539 784 3586 et
800 3529 871 3594 alii,
892 3544 993 3597 graeco
1007 3528 1176 3594 vocabulo,

120 3632 129 3651 ,
232 3600 314 3667 quod
324 3599 483 3670 proprium
492 3608 588 3667 esset,
601 3599 751 3668 destituti,
766 3601 957 3658 cucurbitam
969 3599 1177 3671 appellarunt,
