2475 4034
197 121 263 196 362
433 122 707 190 Stroumurrnit.
745 72 905 188 ¹Saitica.
957 171 960 177 .

190 242 239 305 ai.
263 238 453 298 itelrraicuua
468 236 516 291 ziz
531 243 581 292 est
594 247 709 292 nomeu
728 232 873 304 usnemu
890 276 899 302 ‚
923 232 1051 294 utilibet
1067 236 1145 296 israe

194 310 392 374 conveniens.
409 311 468 367 l‘er
481 321 591 378 aprum
601 305 869 373 salmanasarem,
887 317 944 376 prr
955 308 1148 378 singularem

193 384 276 442 huuc
295 382 395 440 ierom
407 378 741 438 ustuchutouusorem
754 376 937 446 ntetltemt.

229 457 481 513 strennuum.
497 450 608 508 Cadent
619 449 800 506 taretiuratc
811 448 874 520 nas
887 448 929 518 ti.
944 462 971 506 e.
988 462 1046 507 suc
1057 453 1066 517 i
1079 467 1147 522 pec·

194 536 308 584 actores
327 522 542 594 :singulariter
557 536 622 578 stur
638 535 714 591 ege,
734 521 995 578 tenerenturne
1011 525 1061 580 Ps.
1081 533 1148 582 unt.
1216 563 1218 584 .

193 598 248 656 nit.
269 596 358 667 impii
369 596 434 653 suis
454 594 569 652 retibus
582 593 663 664 capti
674 599 706 649 et
723 591 863 664 impliciti
882 593 1018 651 calent:
1037 602 1067 652 at
1085 608 1147 665 ego

194 669 302 736 solus,
323 668 362 726 ab
379 667 440 724 illis
457 665 651 735 disiunctus,
672 664 786 738 alisque
804 663 989 723 detrimento
1006 663 1105 722 abibo.

230 744 370 800 Stauris
386 738 477 796 Dives
490 738 563 808 satit
580 736 731 809 uqueuriu
743 736 881 803 cedrina,
902 736 1053 810 pingitque
1063 738 1148 794 siuc-
1216 807 1218 812 ι

193 812 265 884 piae.
286 814 347 868 ter.
369 819 440 868 axia
463 811 504 873 rt
525 808 846 876 cutorc·rub1u,-seu
862 807 988 877 mnia„
1004 808 1087 880 quud
1105 823 1147 870 cx

194 884 273 944 urbe
285 882 374 944 Ponti
389 883 503 953 sinope
521 880 676 952 optimum
689 878 883 938 afferebatur.

231 957 333 1013 διευς.
353 959 386 1012 tlt
397 954 582 1028 aaidocertis
593 968 714 1009 mcum
726 962 827 1019 titulat,
841 951 1146 1020 armanalanam,

194 1026 232 1086 te
243 1029 338 1084 meula
352 1028 420 1083 siau
434 1036 485 1083 tac
498 1025 527 1082 tu
539 1027 651 1096 tinuit
668 1027 719 1082 es.
740 1034 845 1082 unam
864 1042 904 1079 n.
925 1027 1042 1082 nusum
1055 1022 1148 1081 intel-

194 1098 256 1169 lige
266 1100 424 1158 sinistram
435 1116 444 1165 3
456 1105 504 1156 est
512 1098 596 1154 cuim
606 1095 837 1154 consuetudinis
846 1095 1015 1163 hebraicus,
1028 1108 1147 1155 nomeu

195 1171 339 1241 generale
356 1170 457 1228 viliori
469 1170 615 1227 tribuere.
635 1170 760 1236 Quare.
776 1167 876 1238 inunt
887 1168 1143 1235 hominumve,
1217 1173 1218 1182 ’

194 1242 382 1314 compressis
391 1243 424 1300 in
437 1242 507 1299 sinu
518 1240 661 1298 manibus
671 1254 728 1297 nos
739 1238 904 1296 destituis?
922 1252 980 1296 cur
995 1239 1028 1294 in
1039 1237 1148 1298 hostes

195 1322 322 1371 nastros·
336 1313 479 1371 ultricem
494 1313 652 1370 dexteram
673 1310 759 1369 nubo
777 1324 914 1381 unquam
934 1318 1076 1380 tempore
1090 1321 1146 1368 c!-

194 1386 294 1444 tauns
311 1387 326 1439 ξ’
355 1384 582 1442 solertissimus
606 1382 745 1440 vualterii
775 1382 1086 1453 interpretationes
1114 1380 1148 1442 ie

192 1454 290 1514 Blanc
315 1455 517 1527 hypotyposin
529 1455 561 1511 in
582 1453 632 1511 his
648 1453 750 1512 veritis
771 1453 911 1523 agnoscit
924 1452 1059 1511 hominis
1081 1452 1146 1521 gls-

194 1526 280 1584 diuns
296 1527 495 1596 stringentis,
515 1539 609 1596 quem
622 1531 741 1582 veteres
760 1525 941 1582 euhemero
958 1524 1148 1595 pendentem

195 1599 342 1672 petebant
354 1614 363 1656 ι
376 1612 491 1670 quare,
510 1605 544 1653 ut
557 1596 647 1652 illum
659 1611 678 1653 a
689 1596 800 1666 vagina
811 1597 1049 1670 depromerent,
1066 1595 1147 1668 <dex-

196 1679 293 1730 tuam
314 1672 477 1731 admovere
490 1668 572 1726 sinui
583 1681 712 1725 necesse
728 1676 803 1725 crac

232 1744 266 1809 il
282 1743 373 1799 sinus
384 1756 446 1814 pro
457 1739 567 1799 canali.
586 1742 636 1796 liz.
649 1749 732 1797 tttttt
746 1731 788 1797 ab,
807 1739 916 1798 sinum
930 1740 1063 1811 appellat
1074 1753 1147 1812 pru-

195 1813 287 1885 pbeta
307 1814 449 1883 exiguum
469 1812 556 1871 illam
574 1812 713 1885 iussam,
741 1811 806 1870 sive
818 1812 982 1878 canalem,
1011 1813 1043 1868 in
1059 1811 1147 1882 pavi·

195 1893 301 1943 mento
308 1899 484 1944 marmoreo
495 1884 616 1941 circum
628 1882 731 1942 altare.
748 1883 821 1953 nitu
834 1883 961 1942 altitudo
974 1891 1005 1940 et
1016 1883 1149 1942 latitudo

196 1963 264 2018 crat
277 1953 437 2023 cubitalis,
455 1956 510 2015 aed
527 1955 624 2014 cubito
639 1955 807 2022 cernuum,
824 1963 859 2013 ut
877 1951 993 2012 ibidem
1006 1954 1147 2015 Ezechiel

195 2027 227 2086 lo
250 2028 332 2086 uitur
342 2070 351 2095 ,
361 2029 466 2087 cubitu
474 2041 587 2098 nempe
602 2028 693 2097 pleno
705 2025 736 2087 el
747 2027 831 2097 regio
845 2026 1002 2095 dimensa,
1017 2027 1070 2098 qui
1081 2035 1148 2085 unu

196 2115 216 2171 p
248 2114 299 2158 mo
317 2099 659 2171 vulgaremsupcrabat
686 2102 721 2156 ln
739 2098 881 2157 canalem
898 2099 980 2156 bunc
993 2099 1148 2158 detinebat

197 2173 320 2242 sanguis
345 2173 568 2241 victimarum,
600 2179 691 2243 atquc
717 2171 795 2239 inde
825 2186 880 2243 per
907 2171 1148 2244 subteriunneoe

197 2252 317 2302 meatus
330 2244 363 2301 in
376 2252 545 2301 torrentem
564 2243 767 2301 derivabatur.
1122 2291 1125 2296 ,

233 2319 366 2374 stanna.
388 2317 553 2386 Perpetem
571 2331 588 2373 a
604 2315 709 2372 multis
723 2324 830 2374 auctor
847 2314 918 2373 libri
934 2314 1149 2374 Ecclesiastici-

197 2389 373 2448 nominatur
390 2389 514 2454 Siraci,
534 2396 586 2442 aut
603 2388 716 2458 sapiens
733 2389 843 2444 Siraci.
863 2387 927 2444 Etsi
944 2385 1029 2444 enim
1046 2401 1148 2456 urtone

197 2458 275 2514 liber
292 2458 343 2517 bic
356 2459 461 2529 Sopltia
474 2458 575 2516 Siraci
589 2460 598 2527 (
611 2458 765 2528 sapientia
778 2459 886 2517 sirach
898 2460 908 2527 l
925 2466 1146 2528 nunenpatur:

195 2528 229 2586 itl
239 2536 344 2586 tamen
360 2529 457 2588 solius
467 2529 644 2599 compendii
659 2531 756 2598 gratia
775 2530 830 2597 tlt,
850 2539 982 2615 quatuor
996 2521 1150 2608 tipulino·

196 2599 315 2658 cabulis
332 2600 366 2656 in
380 2601 441 2658 duo
453 2600 641 2667 contractis,
656 2602 767 2660 mediis
779 2602 937 2659 brcvrtatis
947 2616 1040 2659 causa
1053 2602 1151 2660 umis·

198 2671 250 2728 sis.
273 2673 352 2728 Vera
374 2686 510 2742 namque
529 2672 692 2744 inscriptio
711 2673 746 2732 iu
767 2672 838 2729 libri
860 2674 962 2734 ironte
986 2674 1053 2732 haec
1070 2682 1148 2731 est:

196 2743 300 2814 Sapua
315 2747 383 2800 lesu
397 2744 449 2815 filii
464 2744 574 2800 Siraci.
597 2747 633 2800 Et
650 2747 730 2815 aputl
747 2745 871 2803 Latinos
891 2760 900 2803 t
918 2748 951 2802 ln
966 2745 1147 2802 brennum·

196 2830 263 2877 caat
274 2819 341 2874 teta
352 2816 403 2887 iiiii
414 2816 516 2872 Siraci
531 2819 682 2888 Prologus.
703 2820 739 2873 ln
754 2816 824 2888 ipso
839 2816 934 2874 etiam
949 2817 1081 2887 Prologo
1097 2818 1149 2876 in·

196 2894 315 2960 terpres
331 2888 424 2957 libri,
447 2901 544 2959 nepos
563 2889 719 2960 auctoris,
739 2890 792 2962 uui
808 2890 954 2947 volumen
971 2888 1032 2947 hcc
1051 2887 1149 2946 utilis·

197 2959 313 3016 simum
332 2975 371 3017 ex
381 2960 527 3020 hebraico
543 2975 643 3031 grece
655 2959 745 3019 vertit
759 3005 769 3033 ,
791 2962 899 3019 tamin
913 2975 1034 3031 maen,
1053 2974 1154 3032 quum

197 3030 278 3101 apud
289 3046 366 3100 nos,
385 3036 461 3090 Acus
473 3045 577 3099 reus,
594 3034 695 3105 inquit
707 3035 745 3092 de
762 3033 861 3104 prima
873 3033 967 3103 hujus
979 3029 1052 3090 libri
1068 3032 1150 3089 scri-

196 3110 300 3173 ptore,
314 3110 403 3161 lesus.
419 3106 543 3163 constat
555 3103 1013 3177 igitur,parteru11ancnivtnae
1025 3104 1155 3174 saman

197 3188 260 3231 non
274 3191 292 3233 a
303 3176 424 3244 sirach,
436 3177 492 3234 sed
503 3176 541 3233 ab
551 3178 628 3234 lesu
636 3176 699 3234 illio
712 3177 889 3236 Sirach-seu
902 3177 1038 3234 siruciile
1052 3175 1151 3246 serit!⁴

197 3253 261 3302 tam
273 3261 351 3304 esse.
373 3249 553 3307 llcvercutia
565 3255 669 3306 tamen
683 3248 713 3306 in
725 3250 879 3306 Christum
891 3251 997 3306 lesum
1012 3289 1021 3315 ,
1036 3253 1068 3306 et
1079 3261 1151 3305 am·-

197 3316 354 3386 biguitatis
371 3318 501 3378 vitandis
519 3319 657 3380 studium
675 3319 798 3387 effecit,
817 3329 871 3389 ut,
891 3333 962 3378 cum
983 3318 1055 3378 libri
1075 3330 1151 3378 sen-

198 3389 302 3453 tentiae
313 3391 530 3460 proteruntur,
550 3406 566 3447 a
580 3404 654 3448 vero
664 3393 797 3450 auctoris
810 3393 937 3451 nomino
947 3390 1147 3458 abstineatur.

197 3461 241 3514 tit-
252 3459 319 3544 itti,
340 3462 393 3544 qui
408 3461 562 3545 eiuslibri
574 3460 659 3520 locus
677 3463 734 3522 sub
746 3464 872 3522 nonaiue
884 3464 986 3522 Siraci
998 3471 1154 3536 tauquam

197 3537 331 3613 auctoris
349 3546 382 3588 m
401 3546 550 3591 concione
563 3534 714 3602 recitem,
736 3550 798 3592 nou
815 3536 913 3603 mauis
925 3542 996 3606 apte
1008 3541 1062 3591 aut
1073 3546 1154 3592 rere

196 3598 229 3654 ιὰ
240 3600 373 3669 iaciunt,
397 3616 490 3674 quam
506 3602 534 3660 si
546 3602 703 3671 dicerent,
727 3607 845 3663 liubin
862 3605 1037 3665 Proverbiis
1048 3602 1150 3662 navic

196 3664 307 3734 haben·
328 3671 400 3736 vel,⁴
413 3672 463 3731 sic
477 3672 510 3731 iu
529 3675 677 3736 Psalterio
692 3677 804 3736 cecinit
816 3680 904 3735 lesse
926 3692 934 3733 :
957 3689 1052 3739 uuam
1064 3674 1151 3760 mule
