2475 4034
489 130 641 197 Finirto.
690 133 764 200 Flo.
1021 142 1104 230 ‘173

113 309 117 318 ,
188 250 224 320 3)
243 251 280 306 ln
296 247 406 315 finem,
426 244 453 304 si
469 246 625 319 praecedat
639 247 763 317 negatio
775 290 784 317 ,
798 256 847 306 est
858 247 1105 323 inperpetuum,

151 336 285 398 semper.
308 324 368 376 tlon
381 320 412 374 in
428 321 514 389 {inem
525 318 628 375 oblivio
641 319 699 388 erit
710 322 847 391 pauperis
860 338 870 375 .·
883 323 1025 392 patientia
1035 339 1106 393 pan·

148 409 252 467 mam
260 407 319 448 non
328 391 433 461 peribit
442 391 472 446 in
481 393 576 461 linenn
590 395 640 446 Ps.
653 402 688 449 lx
700 410 742 462 19.
754 405 817 449 non
828 393 888 449 crit
898 394 1084 464 sempiterna
1097 412 1106 455 ι

149 480 214 525 non
224 463 335 536 peribit
344 464 375 519 in
384 471 578 535 perpetuum.
591 468 630 519 lle
638 465 758 536 repellas
769 464 897 535 intincta.
911 468 960 521 Ps.
969 468 1104 524 xttttnd.

149 540 194 597 ile
209 536 439 609 inperpetuum
453 548 510 591 nos
525 534 658 606 rejicias.
678 537 797 592 Animas
814 553 976 610 panmrtun
989 548 1106 595 tuorum

95 675 99 686 Ι
149 607 375 676 neoldviscaris
394 608 424 662 in
440 607 546 677 tinem,
568 607 724 665 oblivione
739 609 889 666 nimirum
907 610 1104 680 sempiterna.

151 682 202 738 Ps.
222 689 325 737 txxtn
341 698 383 749 ¹9·
403 679 520 736 Eodem
537 692 631 734 sensu
650 689 817 751 usurpatur
835 696 938 751 saepe,
958 696 1032 738 cum
1050 696 1107 739 ne.-

152 751 235 823 gano
254 752 352 818 latet,
374 749 424 807 vel
439 749 568 807 omnino
589 752 740 807 sementia
765 761 812 809 est
831 767 917 810 mere
938 756 1104 811 affirmans.
1130 761 1134 772 ’

151 824 304 894 Daeuait
322 837 370 879 eos
387 837 477 895 usque
494 823 524 877 in
543 823 637 892 linem.
660 824 752 880 ticeli.
774 836 795 880 x
811 826 852 880 ιθ.
873 825 1104 896 Destruxitita‚

152 895 283 954 utnulla
294 895 334 951 sit
347 894 530 965 resurgendi
544 909 615 965 spes
629 895 661 949 in
674 904 867 966 perpetuum.
887 897 1022 970 Nanqaicl
1033 899 1107 954 iras·

151 968 224 1026 ceris
237 968 449 1039 inperpetuum
462 1008 471 1035 ,
498 975 553 1022 ant
563 968 757 1037 perseverabis
776 968 806 1022 in
820 969 931 1038 sinenti
950 985 978 1041 q.
995 970 1023 1025 d.
1043 984 1105 1027 non

151 1038 212 1110 crit
227 1040 274 1098 ira
284 1041 336 1096 tila
350 1038 547 1110 sempiterna,
567 1039 630 1094 ier.
646 1040 724 1095 1115.
745 1041 900 1110 Disciplina
913 1051 964 1097 tna
978 1043 1107 1098 carreail

149 1127 197 1168 me
211 1112 243 1167 in
258 1113 363 1183 linem,
387 1110 419 1166 in
437 1118 638 1181 perpetuum,
657 1126 790 1181 semper.
805 1114 855 1169 Ps.
878 1121 947 1169 xvtr
962 1114 1006 1169 56.

185 1184 232 1249 lt)
255 1187 289 1240 ln
314 1185 432 1250 linem,
456 1182 565 1238 titulus
590 1182 800 1254 complurium
826 1185 1035 1242 Psalmorum.
1065 1187 1105 1241 1).

151 1253 358 1327 Hieronymus
379 1254 496 1322 vertit,
522 1251 638 1312 Victori
658 1273 667 1321 ;
689 1254 719 1312 el
738 1255 879 1324 scilicet,
905 1256 956 1330 nvui
978 1256 1106 1315 musica

151 1327 226 1384 artis
235 1327 344 1385 notitia
358 1325 407 1382 vel
420 1326 566 1396 dignitate
578 1333 707 1383 caeteros
719 1328 869 1393 anteiret,
884 1327 1013 1387 musicae
1026 1345 1106 1401 prac-

149 1398 232 1457 ieoto
246 1418 256 1467 ;
269 1398 298 1456 ei
309 1398 448 1470 psalmus
460 1397 518 1458 ,hic
530 1398 610 1464 tradi
621 1398 784 1469 iubebatur
798 1402 956 1458 canendus
970 1443 979 1468 ‚
1004 1409 1057 1457 aut
1072 1400 1105 1459 iu

149 1470 248 1531 choro
260 1471 455 1529 musicorum
468 1472 687 1541 proponendus
702 1489 711 1538 3
732 1472 887 1529 interdum
901 1473 995 1530 etiam
1011 1472 1104 1531 certis

151 1543 337 1616 quibusdam
356 1542 571 1599 instrumentis
593 1542 722 1599 musicis
743 1542 949 1604 comitandus.
975 1543 1007 1601 si
1023 1559 1105 1616 quae.-

149 1628 203 1672 ras
220 1614 338 1682 funde
357 1614 467 1683 ingens
489 1614 556 1680 haec
575 1612 803 1687 interpretandi.
818 1617 1005 1684 diversitas,
1027 1615 1105 1673 mihi

150 1686 283 1752 dubium
292 1700 356 1743 non
367 1694 433 1754 est,
458 1687 532 1757 quin
544 1696 609 1742 cxx
619 1694 651 1743 et
663 1687 838 1758 quicunque
852 1689 883 1742 in
894 1688 980 1757 daem
995 1699 1105 1756 posue·

150 1766 249 1826 runt,
273 1772 331 1829 pro
355 1755 501 1815 hebraica
521 1757 657 1829 quinque
680 1757 852 1816 litterarum
876 1772 952 1815 voce
975 1753 1106 1826 legerint
1140 1807 1144 1814 ,

148 1830 268 1888 omisso
280 1827 539 1887 nsembreviorem
554 1829 648 1886 aliam
688 1839 798 1886 uatuor
815 1831 1013 1895 litterarum,
1037 1842 1105 1899 queo

149 1900 419 1971 nnemsigninean
439 1902 547 1958 Finem
563 1899 648 1960 hunc
660 1845 825 1970 §lectoriae
837 1899 996 1957 Christum
1014 1899 1104 1957 intel·

150 1971 381 2044 lingonensem,
405 1972 458 2100 (hui
472 1972 543 2029 linis
557 1979 646 2029 estet
660 1972 848 2044 principium
860 1971 1011 2034 omnium.

186 2043 225 2114 i)
239 2047 396 2103 Memento
433 2043 492 2100 nis.
517 2043 671 2101 Siracides
683 2045 726 2100 ita
738 2048 838 2102 Deum
849 2051 994 2115 precatur
1011 2058 1019 2100 ε
1038 2045 1105 2099 Fes-

151 2115 368 2190 liparitanus,
389 2124 418 2171 et
430 2125 573 2171 enemente
591 2116 666 2186 linis.
687 2115 779 2178 Eccli.
797 2124 897 2173 xxxvi
915 2134 957 2172 to.
979 2114 1106 2187 'triplex
1127 2125 1132 2134 ·

149 2175 246 2262 csiin
258 2201 373 2258 *greco
390 2188 475 2245 fonte
497 2185 590 2244 lectio
611 2201 668 2258 pro
689 2186 912 2258 exemplarium
929 2185 1103 2253 varietates

149 2258 362 2328 anathement,
379 2262 535 2317 Memento
549 2257 619 2315 linis
635 2276 645 2326 ;
664 2257 724 2315 alia
737 2299 747 2326 ‚
760 2259 918 2315 Memento
929 2255 984 2315 lrae
999 2275 1008 2325 ;
1025 2255 1103 2325 alia,

149 2333 308 2391 Memento
322 2330 533 2403 iurisiurandi,
554 2330 604 2388 sic
616 2330 721 2388 omnia
733 2329 915 2403 copulemus
930 2343 939 2386 t
957 2327 1104 2387 Accelera
1141 2385 1144 2391 ,

149 2400 259 2461 salutis
271 2410 412 2474 tempus,
435 2410 467 2460 et
486 2410 644 2460 memento
662 2399 878 2475 jurisjurandi,
905 2413 966 2474 quo
987 2398 1105 2472 promt-

81 2523 84 2527 .
150 2473 235 2543 sisci,
247 2482 280 2533 te
292 2476 375 2532 mala
388 2481 495 2533 nostra
508 2474 806 2542 finiturum,etlram
818 2472 852 2530 in
863 2471 969 2531 hostes
978 2478 1103 2531 nosnos

149 2559 396 2615 conversurum,
415 2562 471 2618 per
483 2547 604 2605 Messisc
617 2547 792 2616 adveutum.
903 2556 908 2576 ²

184 2619 330 2679 Ftntnw.
349 2622 410 2676 Res
428 2627 561 2690 quatuor
578 2615 698 2676 homini
710 2615 945 2678 molestlssimas
961 2616 1007 2677 sic
1024 2629 1104 2694 eno·
1141 2675 1145 2680 .

66 2699 74 2718 ¹
101 2737 104 2740 .
148 2699 250 2748 meret
266 2690 419 2750 Sirenides
433 2706 442 2748 :
457 2691 655 2762 Cogitationes
667 2705 790 2758 enam,
810 2690 968 2747 estimares
985 2687 1102 2755 emin,

98 2793 107 2816 .
149 2760 316 2819 adinventio
338 2764 581 2838 ecspedationis‚
603 2772 632 2819 et
653 2764 711 2822 dies
731 2762 880 2835 linitionis·
905 2759 999 2820 liceli.
1019 2771 1061 2818 xl.
1074 2775 1099 2816 s.
1140 2761 1144 2772 ’

152 2833 261 2905 cute,
283 2834 437 2903 timores,
463 2849 534 2905 spes
553 2833 701 2903 fallacis,
723 2843 820 2892 mats.

100 2967 108 2984 ι
125 2961 128 2970 ,
187 2906 258 2965 litt).
279 2911 344 2966 lice
357 2908 440 2978 facto
457 2916 504 2976 nst
518 2907 609 2975 asilii,
635 2906 704 2978 qnia
717 2906 942 2978 ,iustificationes
963 2911 1029 2958 tuas
1043 2915 1103 2986 ‘en'-

132 2976 262 3054 *qnisivt
281 2981 331 3036 Ps.
356 2989 464 3036 cxvnt
481 2977 528 3035 56.
553 2980 620 3035 Hoc
640 2981 696 3047 (ut
712 2992 835 3036 memor
849 2988 953 3033 essem
966 2985 1102 3057 nomime
1146 2985 1148 2994 ’

150 3047 197 3105 tui
218 3053 334 3119 noctu)
352 3051 423 3109 ideo
438 3050 516 3107 milii
532 3049 659 3119 contigit
673 3091 681 3117 ‚
707 3050 778 3122 quia
795 3046 947 3122 custodivi
969 3048 1035 3114 luta
1053 3050 1103 3099 est

150 3119 319 3191 hebraice)
335 3123 458 3181 decreta
472 3130 535 3179 tua.
551 3126 616 3178 tiae
628 3136 685 3193 pro
698 3124 768 3179 loc:
781 3134 854 3178 nam
868 3130 980 3201 genere
992 3121 1103 3171 neutro

150 3192 272 3256 lieb‘raei
286 3202 403 3258 carent.
423 3192 497 3250 inde
516 3202 548 3251 et
563 3194 643 3251 illud
660 3194 800 3265 eiusdem
816 3190 955 3256 Psalmi:
976 3188 1040 3242 itae
1056 3200 1102 3241 me

150 3265 302 3322 consolata
322 3275 374 3323 est.
392 3282 421 3323 r.
439 3268 488 3322 do.
503 3280 582 3337 pro,
603 3268 671 3323 Hoc
689 3280 740 3322 mc
753 3262 948 3321 consolatum
967 3265 1023 3342 est.
1079 3326 1085 3339 ⁸

186 3338 220 3405 nl
235 3336 318 3395 Fieri
328 3338 361 3395 in
372 3338 498 3409 populo.
518 3341 564 3395 ne
580 3336 684 3407 gladio
698 3334 1030 3394 Nabuchodonosons:
1051 3329 1102 3412 llic

149 3406 248 3478 [aetas
259 3419 304 3466 est
315 3410 345 3466 in
356 3410 460 3482 papale
471 3425 553 3477 ineo,
569 3411 614 3465 ln'c
625 3409 655 3466 in
668 3409 778 3466 canetis
790 3406 908 3462 dacibus
920 3401 1012 3459 lsrail
1024 3443 1032 3470 ‚
1053 3415 1102 3473 qut

149 3480 300 3551 lugeant.
314 3485 376 3538 ter.
390 3493 446 3540 xxi
462 3498 503 3538 ια.
518 3481 713 3544 Praeteritum
725 3495 782 3551 pro
793 3480 915 3543 futuro,
929 3488 1018 3532 more
1030 3486 1102 3544 pro·

149 3551 274 3679 ghelico
288 3562 320 3612 ei
332 3555 455 3625 poetico
471 3553 682 3611 Hebraeorum.
707 3550 841 3609 Chaldaei
857 3548 975 3618 gladius
991 3546 1102 3616 depre-

172 3624 286 3690 endet,
306 3631 509 3696 assequetur,
527 3632 595 3681 tum
607 3620 780 3695 populum,
799 3630 866 3678 tum
877 3621 974 3677 duces
987 3617 1101 3675 irustra
1134 3675 1139 3690 ι
1193 3663 1200 3684 ,

151 3693 306 3768 lundras.
