2475 4034
147 103 220 202 Ι,ι96
411 95 598 171 Hostnna.
645 103 835 204 Hadrianus.

145 261 149 268 ‚
184 226 352 282 Rosam.
373 219 520 291 imperite
536 220 573 274 Ι).
599 218 770 288 Augustino
790 206 1016 289 responderunt
1033 213 1102 296 illi,

149 295 202 367 qui
221 308 331 352 vocem
343 292 426 348 hanc
444 306 483 347 ex
500 289 644 347 hebraica
663 291 768 359 lingua
786 290 820 345 in
840 290 914 350 alias
934 297 990 362 per
1008 293 1103 351 inter·

148 366 352 438 pretationem
370 362 504 420 transire
524 375 587 418 nan
605 375 697 432 posse
716 361 885 428 dixerunt,
909 362 964 418 sed
983 376 1104 436 meram

147 451 218 497 esse
231 435 478 506 interjectionem
494 433 634 490 laetantis.
659 433 723 490 tta.
744 443 771 490 11
784 433 823 491 de
834 433 981 495 Doctrina
991 434 1102 494 Christ.

148 525 176 567 c..
203 526 244 564 ιι.
265 508 334 579 ipse
351 514 457 563 tamen
482 512 605 561 sanctus
630 503 740 563 doctor
759 499 888 561 vereda
908 519 965 565 suo
988 505 1104 568 addidit

148 584 201 637 Tr.
234 591 268 636 nt
294 579 328 635 in
351 582 439 635 toan.
477 590 588 634 vocem
616 590 687 634 esse
706 576 915 644 {obsecrantis
956 579 1101 649 Horatia,

146 653 279 709 verbum
292 648 518 722 conjugationis
531 647 654 718 lliphss,
669 647 821 719 significat
833 649 957 706 salntem
969 649 1104 722 imperti,

150 725 274 780 salutem
292 723 355 791 da3
377 720 550 791 legiturque
570 724 596 776 ἓ.
622 719 874 786 831η.Χιν4,2’.
908 723 980 789 Reg.
1001 721 1103 792 vind,
1162 787 1169 798 ⁸

149 799 199 853 Ps.
217 794 406 851 debcant
427 800 458 849 et
476 802 582 849 cavan
600 793 644 847 ιδ.
664 791 738 849 inde
748 792 886 852 nascitur
903 800 1101 858 aonuactum
1166 801 1171 808 '

149 865 276 935 harada,
303 879 418 922 sensasv
435 863 597 935 ejusdcm,
622 865 705 935 quod
723 864 875 936 reperitur
892 867 955 920 len.
983 876 1062 926 xxxl
1084 886 1101 936 7
1157 873 1178 892 '¹

151 955 187 997 ae
206 942 255 996 Ps.
280 936 417 1006 hebraici
434 936 552 993 ordinis
573 947 695 994 txxxvt
715 954 740 994 ι.
764 934 918 994 Particula
942 952 1008 1006 na,
1030 935 1052 995 i.
1073 952 1102 996 e.

150 1024 256 1084 qnaeso
269 1023 394 1079 ‚'rogo,
418 1007 604 1066 vocabulum
619 1010 784 1066 hasalamta
800 1024 854 1066 seu
872 1009 1004 1071 hosanna
1016 1024 1104 1068 com.

150 1083 234 1155 pter,
255 1091 285 1137 et
301 1094 428 1139 sensnm
439 1080 554 1146 allicit,
580 1082 618 1135 aa
632 1082 756 1140 salutem
777 1093 880 1152 qaaso.
910 1082 1005 1138 Divus
1018 1082 1103 1144 Tho-

150 1170 218 1212 mas
235 1154 371 1225 Aquinas
387 1154 413 1209 3.
435 1166 465 1222 p.
487 1167 515 1222 q.
539 1154 575 1215 tt
595 1168 621 1207 a.
649 1153 717 1210 tin
735 1166 818 1225 corp.
839 1151 939 1223 inquit
958 1168 965 1210 ε
986 1154 1103 1212 Clama-

151 1229 401 1291 miletenae,
425 1233 457 1279 at
478 1224 586 1279 atcttar
612 1227 721 1280 Marta«
736 1242 766 1277 ιι
788 1264 798 1293 ,
826 1225 910 1296 qaasi
928 1227 1052 1282 salacem
1067 1226 1104 1281 ab

150 1314 184 1354 eo
194 1307 329 1372 pacatas.
344 1295 546 1365 avangelista
561 1294 652 1352 verba
673 1305 745 1357 sunt
761 1312 770 1353 t
792 1297 966 1354 Clamabunt
979 1298 1102 1354 dicentes

151 1374 289 1426 llataana
307 1369 367 1439 {ilio
382 1367 495 1422 Dauid:
510 1367 694 1435 benedictas,
718 1369 767 1440 (μιί
782 1370 860 1430 venit
872 1369 901 1424 in
915 1371 1031 1426 aanriae
1047 1376 1107 1428 Do·

150 1442 247 1501 mini:
265 1443 398 1500 lausanna
417 1440 447 1494 t'a
462 1438 619 1496 altissimis.
642 1440 747 1496 Matth.
763 1452 819 1500 xxi
832 1461 858 1511 9.
875 1443 1025 1511 Equidem
1037 1458 1106 1500 ver·

150 1513 226 1570 bum
238 1512 298 1569 hoe
313 1518 397 1569 amat
409 1523 518 1568 casum
531 1509 688 1577 dativum,
708 1518 890 1583 poteratque
904 1514 979 1575 adeo
994 1530 1104 1572 sensus

151 1584 314 1643 clamantis
326 1581 434 1655 populi
446 1595 514 1639 esse
529 1585 618 1638 allex
634 1582 705 1639 coeli
719 1582 869 1640 altissime
884 1625 894 1652 ,
920 1586 1054 1645 salutem
1070 1586 1108 1643 da

153 1670 331 1728 quaesumus
349 1653 504 1713 filiolruic
519 1653 654 1712 navidis.
682 1657 812 1724 Magnus
830 1664 935 1717 tamen
959 1658 1109 1729 Hierony·

152 1742 224 1787 tuna
249 1728 362 1799 aliique
384 1724 571 1785 vocabulum
595 1726 720 1784 dicentes
742 1736 931 1788 connectunt
954 1743 1026 1786 cum
1049 1730 1109 1800 filia

152 1801 267 1868 David,
285 1807 320 1856 ut
329 1799 483 1869 religiosae
500 1797 597 1869 plebis
610 1813 703 1859 voees
717 1812 780 1856 non
791 1811 849 1870 pro
861 1800 975 1858 Christi
986 1800 1110 1860 incolu-

152 1872 261 1929 mitate
278 1875 402 1929 Patrem
416 1870 584 1939 Divinum,
609 1872 667 1927 sed
683 1884 740 1943 pro
758 1887 813 1929 sua
829 1872 986 1930 Christum
1005 1874 1109 1950 ipsum

153 1957 244 2002 orare
262 1944 480 2014 intelligantur.
508 1946 545 1999 in
564 1944 734 2001 orthodoxo
753 1952 837 2002 certe
856 1946 1011 2003 sacrificio
1027 1960 1110 2018 prae·

153 2016 276 2073 lationis
296 2015 434 2074 clausula
455 2020 593 2072 llosanna
614 2017 645 2070 in
665 2016 783 2072 excelsis
809 2030 873 2074 non
894 2032 931 2075 eo
949 2019 1108 2085 retertur,

153 2095 189 2144 ut
209 2088 330 2145 christo
358 2091 508 2157 Patrem,
530 2090 584 2147 sed
603 2095 638 2145 ut
657 2088 747 2153 nobis
764 2096 933 2164 utrumque
953 2090 1110 2154 fatentem

177 2174 331 2219 recemum
410 2197 413 2200 '
713 2191 718 2200 '

154 2174 175 2231 p
191 2234 403 2291 uosrrrnms.
424 2226 770 2303 cognomenta-manvia
783 2237 809 2290 2.
832 2233 932 2296 ttacn.
950 2246 985 2291 vr
1000 2251 1025 2291 ι.
1039 2230 1111 2291 'l'ri-

155 2302 308 2362 buebatnr
326 2307 387 2363 hoc
403 2306 433 2370 ei
452 2321 469 2362 a
488 2306 625 2375 profanis
646 2305 743 2376 ideo,
770 2305 853 2375 quod
873 2305 1030 2374 hospitum
1047 2305 1109 2375 juri

98 2397 101 2404 ,
155 2387 289 2445 praeesse
312 2378 483 2434 crederent.
512 2376 739 2438 convenienter
760 2376 880 2433 scilicet
900 2378 1110 2446 Garizaeorum

155 2447 362 2515 professioni,
381 2446 485 2517 quiin
497 2445 608 2503 litteris
632 2447 672 2503 ad
688 2444 999 2522 regem'nntiochum
1017 2447 1112 2503 adve-

155 2531 212 2642 Idas
226 2526 256 2573 et
272 2517 409 2645 hosp3tes
424 2532 457 2576 se
469 2517 720 2589 appellaverant,
735 2525 772 2576 ,ut
783 2525 831 2574 est
843 2518 923 2589 apud
936 2518 1108 2588 losephum

184 2587 228 2643 nti
252 2627 259 2643 .
281 2599 329 2644 xit
364 2626 372 2643 .
534 2594 537 2596 ’
690 2594 692 2596 ’
857 2589 863 2598 ’

174 2691 175 2696 1
192 2603 377 2717 nolsrrron.
393 2656 545 2725 Siracides
557 2649 599 2718 'do
609 2658 760 2725 molestiis
776 2669 906 2733 peregre
919 2659 1104 2718 devorandis

158 2745 252 2801 agens
266 2772 274 2798 ‚
295 2731 338 2788 ait
351 2745 360 2789 a
373 2732 592 2801 Hospitalitar,
611 2741 640 2789 et
652 2743 771 2805 pascet,
788 2742 817 2789 et
827 2734 939 2806 potabit
952 2734 1107 2803 ingratos,

157 2812 186 2858 at
203 2805 241 2859 ad
258 2806 439 2861 decantata
454 2804 561 2861 audiet.
578 2804 673 2869 Eceli.
691 2813 770 2863 xxix
783 2805 827 2863 dt.
849 2805 1026 2876 Recipictur
1040 2805 1111 2877 qui-

159 2876 229 2932 dem
239 2874 388 2947 hospitio,
401 2877 457 2933 sed
471 2876 635 2947 pretinmc
676 2886 745 2935 etur
762 2878 959 2950 persolvere,
972 2889 1033 2950 quo
1041 2877 1110 2950 ipse

158 2947 372 3006 diversitorem
387 2962 479 3005 suum
503 2948 565 3005 alet
578 2968 587 3016 t
600 2951 650 3009 ad
686 2965 730 3008 aee
752 2951 856 3009 audiet
873 2950 996 3010 acerba
1008 2950 1120 3018 dicta.
1205 2942 1222 2964 '⁴

157 3019 300 3078 videlicet
313 3023 323 3090 (
334 3036 364 3077 v.
385 3022 440 3090 55)
458 3036 468 3077 t
486 3022 627 3090 Agedum
642 3064 653 3089 ‚
666 3025 765 3093 ‘surge
785 3039 794 3080 a
817 3022 1111 3093 expedimensam,

157 3099 189 3149 et
199 3092 395 3161 necessaria,
410 3107 602 3165 quaecunque
612 3093 669 3152 tihi
680 3103 795 3166 praesto
807 3098 974 3154 sitnialnto
990 3099 1039 3165 (v.
1052 3094 1112 3160 alti

157 3163 312 3233 iubebitur
322 3165 451 3223 omnino
466 3165 599 3231 cedere,
623 3174 655 3223 et
666 3168 821 3239 emigrare
834 3168 949 3226 domo:
965 3166 1037 3237 quia
1058 3177 1115 3223 su-

137 3236 336 3304 pervenisse
354 3238 496 3294 dicentur
510 3236 735 3309 hospitesipso
754 3239 934 3309 digniores,
962 3238 1038 3295 olim
1057 3250 1115 3294 ne·

127 3347 131 3357 ,
158 3308 308 3375 sessani,
325 3309 474 3378 sanguine
486 3309 536 3365 vel
546 3310 686 3367 amicitia
698 3310 818 3369 iratres.
839 3310 948 3367 Gravia
962 3316 1034 3366 sunt
1046 3307 1114 3367 haec

161 3379 213 3445 (v.
234 3378 316 3446 ult.)
337 3380 456 3437 homini
474 3381 601 3438 cordato
624 3379 726 3440 anatis
737 3382 950 3454 ureprehensio
961 3380 1114 3452 'patrisfa-

158 3447 260 3505 milias
273 3457 338 3510 tam
350 3453 381 3512 ei
394 3451 525 3510 molesta
547 3452 698 3522 accidit·'‚·³
710 3468 804 3526 quam
819 3453 955 3513 creditor
971 3452 1113 3511 debitum

158 3528 330 3586 reposcens
341 3531 359 3589 ,·
370 3531 402 3581 et
417 3523 746 3584 dilatamsolutionem
763 3526 990 3597 improperans.

194 3589 359 3650 nannetis.
384 3598 488 3653 Facias
506 3607 549 3653 ast
565 3599 744 3669 principatus
765 3613 851 3668 saper
867 3600 1018 3653 damatam
1033 3595 1112 3665 cias,

160 3653 199 3709 la.
218 3664 252 3714 tx
264 3661 289 3716 6.
305 3665 587 3726 Messiasecclesiae
599 3670 784 3750 imperium,
803 3676 834 3726 et
846 3670 968 3740 generis
982 3667 1108 3725 humani
