2475 4034
355 274 360 284 .
385 176 644 265 Quor1o1u1rns.
694 179 807 250 Rana.
831 197 834 203 ⁴
866 186 869 190 ’
980 181 1070 257 aas

126 298 181 358 nbi
204 296 343 370 quoniam
365 293 512 362 ornatui,
542 308 605 351 non
631 296 736 355 sensui
754 297 853 355 datur.
877 302 1073 356 ,contessum

126 371 203 427 enim
220 385 231 424 .·
251 367 439 438 Quouiomtu
447 383 478 421 es
485 367 618 422 mardos
634 368 665 423 its
682 378 842 436 otmunt,
858 372 1014 426 secuudum
1025 387 1073 427 or·

125 443 224 499 dinem
236 438 422 496 liciclsisedec.
446 438 538 494 llebn
553 447 602 496 vn
617 458 658 509 ¹7·
678 441 777 497 Locus
790 440 840 496 hic
852 448 898 497 esi
908 456 946 498 ex
955 444 1073 502 lis-out

123 516 165 581 d,
178 511 232 568 ubi
249 520 352 567 tameo
372 510 515 581 quoniam
527 524 586 567 nec
605 524 622 567 a
643 510 753 578 nobis,
774 525 863 568 neca
877 514 991 571 Graecis
1010 513 1072 570 lle-

125 583 256 641 ‘hraeisve
278 580 444 639 scribitur:
462 593 521 638 nco
545 580 579 637 in
605 580 733 639 Paulina
761 582 889 653 epistola
914 584 1072 645 sensenna

123 663 247 729 ‘partem
265 653 366 709 efficit.
483 675 485 683 ·

125 727 386 796 'wolsotanus
402 721 501 795 panis
520 721 589 781 vid
605 723 914 797 Stspersubstuntioiis'
1006 765 1007 768 ,

557 877 632 978 lt.

129 1121 315 1218 Rabirium
326 1158 465 1216 Auditum
469 1156 578 1232 focium
590 1170 678 1230 super
686 1159 813 1216 iicbbotb
819 1160 946 1232 filiorum
952 1162 1073 1220 Ammon

128 1232 277 1303 [remitum
293 1232 405 1304 prelii,
424 1240 454 1287 et
470 1231 527 1286 erit
538 1231 568 1285 iu
584 1231 729 1286 tumulum
753 1235 934 1303 (perperam
949 1232 981 1288 in
996 1246 1074 1305 non·
1135 1299 1138 1300 ⁷

128 1303 222 1359 nullis
241 1302 468 1373 exemplaribus
491 1301 648 1357 tumultum
666 1318 677 1355 .·
695 1315 770 1358 nam
794 1311 824 1360 et
855 1303 1024 1370 hebraica,
1043 1311 1075 1362 et

128 1373 287 1431 chaldaica
299 1375 411 1430 habent
422 1372 576 1430 tumulum
586 1375 812 1440 seuacervumi
829 1376 984 1446 dissipata,
998 1373 1075 1445 iiiio-

122 1461 185 1517 que
197 1447 258 1517 cius
271 1446 335 1517 igni
352 1444 560 1508 succendentur
572 1453 630 1512 ,zct
637 1444 789 1514 possidebit
800 1447 890 1503 israel
900 1460 1074 1516 possessores

69 1575 76 1588 ⁴
122 1533 205 1575 ‘suos
218 1519 286 1574 fler.
308 1528 384 1573 anrx
406 1532 432 1573 a.
458 1515 596 1573 dabbath
617 1515 690 1571 urbs
709 1517 954 1575 ammonitarum
968 1518 1074 1588 praeci·

126 1603 188 1662 pua
205 1626 217 1655 ,
236 1588 273 1647 nb
299 1588 472 1646 incolarum
493 1585 689 1645 multitudine
707 1600 820 1644 nomen
844 1591 961 1659 adepta.
983 1591 1074 1645 Erer-

127 1661 249 1718 sionem
267 1659 296 1716 ei
314 1662 397 1716 ocus
409 1659 563 1725 minatur,
584 1658 667 1730 quod
683 1659 1074 1731 Ammonitaep‘rorinoiam

125 1732 223 1789 tribus
240 1731 304 1787 (iad
313 1739 420 1789 contra
431 1730 481 1815 jus
495 1737 527 1785 et
534 1730 581 1786 ias
591 1738 803 1800 occupassent
819 1731 901 1788 Filiae
911 1730 998 1798 eius,
1011 1731 1032 1797 i,
1044 1745 1071 1787 e.

125 1802 237 1875 oppida
255 1802 388 1873 pagique
409 1800 529 1868 vicini,
548 1801 693 1858 incendio
712 1800 904 1858 addicuntur.
930 1801 1023 1869 Regio
1037 1800 1074 1858 ab

121 1874 164 1932 iis
173 1874 397 1945 possidebitur,
411 1886 544 1944 quornm
557 1871 766 1929 haereditatem
777 1872 961 1930 Ammonitae
969 1872 1074 1945 inique

123 1945 340 2018 possederano
369 1945 407 2001 ld
432 1957 493 2015 quo
523 1952 662 2013 temporo
686 1942 850 2013 evenerit,
876 1942 1073 2008 doctissimas

126 2016 420 2088 quidamllispanus
432 2023 574 2072 constare
586 2022 687 2084 negat
706 2015 745 2069 At
756 2021 875 2073 constat
887 2016 1074 2087 prolectoox

127 2088 155 2147 l.
167 2087 266 2144 llacli.
281 2099 302 2144 v
315 2088 331 2137 6
345 2101 411 2156 sqq.
424 2093 456 2141 et
471 2087 515 2143 36.
869 2149 871 2154 ,

163 2159 278 2213 linum.
290 2160 383 2224 lion,
401 2157 483 2228 qnod
495 2155 588 2227 vulgo
603 2168 788 2227 persuasum
801 2165 870 2225 est,
888 2157 1023 2215 Hebraeis
1038 2171 1074 2216 sa

37 2266 39 2269 -
110 2227 188 2290 'toa
207 2228 389 2297 simpliciter
411 2227 591 2297 Magistrum
615 2227 792 2297 signilloat,
817 2230 871 2285 sed
895 2242 967 2285 cum
986 2230 1075 2288 affixo

110 2300 333 2372 pronomine,
348 2299 493 2367 magister
504 2301 592 2356 meus
607 2315 615 2365 ;
635 2308 665 2357 ct
679 2297 806 2370 siquem
820 2300 973 2371 alloquere
987 2343 995 2368 ,
1010 2303 1073 2358 lda-

127 2371 290 2443 gistermi.
313 2369 417 2428 matth.
433 2381 516 2427 xaru
532 2391 556 2440 7.
855 2377 859 2381 ‘

120 2471 129 2478 ··
163 2446 322 2499 nannoni.
332 2474 335 2479 »
347 2445 414 2500 Hoc
428 2443 553 2499 nomine
564 2441 720 2498 christum
734 2456 833 2512 caecus
856 2445 966 2512 (Maro.
983 2453 1002 2499 x
1017 2445 1071 2514 51)

119 2514 354 2644 &magdalena
382 2515 491 2583 (ioan.
511 2509 554 2570 ‘xx
575 2515 629 2584 16)
653 2514 813 2571 honorant.
844 2515 1072 2586 Magister'mi,

123 2601 126 2606 ·
172 2601 258 2644 mine
272 2600 325 2643 mr.
694 2635 697 2638 ,
933 2597 936 2604 ’
1015 2623 1019 2626 -

153 2656 261 2716 'Banu
281 2657 427 2724 Audistis,
441 2657 511 2729 quio
528 2657 637 2713 dictum
652 2655 833 2730 estantiquis
849 2674 861 2711 r
874 2661 1075 2729 Nouaesium,

119 2729 177 2801 qui
188 2737 292 2784 >cutem
308 2729 467 2797 occiderit,
490 2744 558 2785 reus
582 2728 638 2783 crit
658 2729 788 2799 judicio..
809 2734 871 2801 Ego
896 2737 994 2785 autem
1012 2732 1075 2786 dico

118 2799 203 2857 bobis
222 2816 233 2853 .·
252 2800 322 2872 quio
344 2799 456 2867 emm,
481 2801 536 2873 qui
556 2799 695 2856 irascitur
715 2800 807 2870 fratri
831 2816 905 2866 suo,
935 2816 1001 2856 reos
1019 2804 1074 2857 erit

123 2870 241 2942 judicio.
266 2871 321 2941 Qui
332 2880 432 2928 autem
450 2869 558 2927 dixerit
575 2872 668 2942 [ratri
682 2886 736 2927 suo
751 2876 846 2938 flacc,
858 2886 924 2928 reus
937 2872 993 2927 erit
1005 2885 1074 2927 cou-

126 2943 201 3000 ciiio.
223 2944 279 3014 Qui
295 2951 395 2999 cutem
414 2942 521 2999 dixerit
539 2946 652 3011 Fatue,
675 2958 742 2999 reos
759 2943 814 2998 erit
831 2944 965 3011 gebennas
983 2943 1071 3012 iguis.

125 3013 231 3073 ldaith.
252 3026 274 3071 v
288 3030 319 3068 cr
335 3027 380 3085 sq.
404 3013 594 3074 vocabulum
606 3015 667 3072 hoc
681 3012 889 3085 aquibusdam
902 3012 983 3070 male
996 3016 1075 3072 scri-

126 3083 223 3154 bitur,
239 3086 276 3143 ab
290 3084 358 3143 aliis
371 3083 454 3142 male
466 3085 648 3155 exponitur,
662 3087 699 3143 ab
714 3085 781 3156 aliis
794 3084 876 3142 male
888 3086 1071 3142 contexitur.

125 3153 206 3214 llale
218 3156 376 3230 scribunt,
394 3155 448 3227 qui
461 3158 552 3213 rucio
564 3171 636 3215 cum
649 3155 834 3228 aspiratione
848 3163 966 3225 ponunt
980 3171 987 3212 :
1001 3169 1074 3216 nam

122 3228 264 3302 syriaca,
284 3227 449 3290 hebraica,
470 3243 588 3298 graeca,
600 3241 663 3285 non
677 3229 729 3295 cb,
744 3228 798 3284 sed
811 3229 828 3283 is
840 3226 913 3282 huic
925 3227 1073 3285 vocabulo

120 3301 282 3370 tribuunt,
295 3308 326 3357 et
338 3299 556 3371 aspirationem
569 3298 744 3358 excludunt
761 3299 818 3369 Qui
831 3311 918 3355 error
931 3298 1073 3368 plurimis

123 3371 159 3428 in
170 3373 296 3429 nomine
309 3372 484 3428 Melchisedec
505 3385 626 3443 quoque
639 3369 793 3440 obrepsit,
811 3368 899 3439 cujus
918 3368 973 3425 lini
991 3368 1075 3427 litte·

124 3455 195 3499 ram
206 3445 224 3497 b
237 3443 421 3515 appingunt,
440 3452 471 3500 et
487 3442 776 3513 pronuntiationem
795 3440 929 3498 debitam
944 3440 1071 3509 vitiant,

125 3525 236 3570 vocem
261 3513 445 3584 aspiratione
470 3512 649 3571 claudentes
675 3512 787 3584 :atqui
812 3513 891 3569 banc
913 3512 1075 3583 repudiant

118 3583 290 3651 bebraica,
306 3598 421 3653 graeca,
432 3584 589 3643 chaldaica
600 3623 607 3646 ‚
619 3590 651 3641 ei
663 3584 781 3656 syriaca
792 3595 886 3655 ,quae
898 3592 1074 3641 constanter

121 3654 231 3714 omnia
242 3654 309 3725 ejus
323 3657 405 3725 regis
419 3667 533 3713 nomen
551 3655 681 3712 ilittcra
694 3655 867 3711 terminant.
890 3653 969 3711 llale
981 3655 1075 3725 expo-

120 3725 312 3785 sueruntilli
322 3765 331 3796 ,
342 3727 549 3800 qui-tompore·
561 3728 597 3784 li.
612 3724 774 3798 Anartioi
793 3728 892 3795 (uter
904 3726 972 3799 ipso
984 3721 1074 3783 disci·
