2475 4034
168 77 234 157 tols.
422 68 424 80 '
458 78 481 115 ‹'
517 64 645 136 Dxrto.
696 71 760 136 Dr„
789 95 793 104 ·
1042 158 1045 165 Ι

158 224 163 237 ·
196 184 316 247 llario.
333 190 377 243 lte
389 192 420 242 te
432 183 547 256 pudeat
571 184 662 253 (nam
675 182 708 240 id
719 180 811 242 Eccli.
835 187 905 251 λιιι
925 200 937 238 ι
957 180 1114 254 usquead

160 276 190 319 v.
214 281 230 331 9
250 267 402 332 perpetuo
424 255 658 326 intelligendum
675 257 739 323 est)
763 257 801 312 de
819 257 905 310 verim
924 256 1068 312 sociorum
1086 264 1114 310 et

158 334 328 400 viatorum,
344 342 373 387 et
392 330 426 386 de
444 329 562 384 datione
579 326 755 381 aaredtatts
767 327 938 383 amicorum.
953 327 1026 383 ibid.
1042 341 1069 382 v.
1086 326 1112 382 5.

161 407 269 462 Nonte
280 404 411 476 pudeat,
428 415 480 457 res
496 408 527 455 et
541 399 676 455 rationes
690 398 846 458 sociorum
867 405 919 457 aut
934 398 1115 469 peregrino-

162 492 233 535 rom
244 487 408 548 procurare
418 478 450 528 et
459 470 684 527 administrare.
700 468 732 525 Si
744 467 930 532 haereditatis
942 469 1116 527 dividendae

160 550 329 607 officiuma
346 554 378 601 te
390 549 592 613 exposcatur,
613 553 677 597 non
695 548 732 597 te.
743 542 877 612 pudeat,
899 541 981 596 inter
998 542 1115 601 amicos

164 620 279 691 absque
289 627 494 688 personarum
507 619 649 682 respectu
663 612 742 682 juste
754 614 813 671 hoc
823 612 924 670 officio
936 612 1033 682 iungi

199 695 326 748 Dn'tust.
350 686 453 742 Gratia
465 685 527 739 dati
545 685 575 738 in
590 695 745 759 conspecta
762 687 854 741 omnis
872 685 999 770 viventis.
1020 683 1114 757 Eccli.

163 773 212 820 vu
225 763 269 830 57.
291 758 440 816 omnibus
458 755 635 814 hominibus
650 765 771 835 gratum
784 766 850 826 est,
863 772 897 823 ss
918 756 962 828 eis
984 768 1117 831 munera

163 833 285 892 offeras.
1090 845 1093 849 ’

198 906 317 960 noros.
329 901 422 973 huius
431 900 540 967 datus3
555 906 662 975 quarta
673 899 886 967 declinatione.
908 899 1022 956 Stultus
1034 898 1118 956 acri-

165 984 221 1033 ter.
232 975 439 1048 improperabit
456 990 467 1025 :
483 982 527 1028 et:
539 972 626 1035 datus
652 973 859 1044 indisciplinati
879 973 1021 1028 tabescere
1044 971 1116 1041 facit

164 1049 272 1105 oculos.
291 1046 383 1104 Ecoli.
405 1056 489 1103 xvttt
519 1045 560 1101 18.
582 1043 699 1103 Stultus
717 1055 782 1115 est,
810 1044 862 1116 qui
882 1043 991 1117 odiose
1006 1055 1116 1113 expro-

163 1121 255 1188 brat,
270 1120 296 1175 si
309 1119 383 1191 quid
395 1114 537 1175 beneficii
550 1116 701 1177 contulit:
717 1127 748 1176 et
760 1133 874 1179 munus
887 1116 975 1172 incidi
996 1114 1058 1185 (ita
1070 1120 1117 1170 est

163 1192 198 1249 in
217 1193 300 1250 sonte
319 1192 436 1261 graecoi
455 1187 568 1263 multas
587 1188 742 1262 lacrymas
766 1189 870 1256 elicit,
890 1188 990 1246 erodit
1011 1183 1117 1244 oculos

165 1267 256 1331 lietu,
278 1276 341 1332 pree
358 1260 453 1318 animi
466 1259 571 1317 dolore
583 1260 750 1329 caliginem
763 1261 862 1318 oculis
879 1250 1017 1318 oliundit

202 1338 317 1391 Davru.
350 1335 386 1389 ln
411 1330 507 1388 titulis
528 1332 736 1401 complurium
755 1333 952 1389 Psalmorum
977 1331 1119 1400 legitur:

165 1406 296 1461 Psatmas
310 1403 411 1460 David.
432 1403 466 1459 ld
476 1402 510 1461 in
520 1403 665 1470 hebraico
679 1412 710 1459 et.
722 1418 823 1473 graeco
840 1404 934 1459 dativi
946 1417 1039 1471 casus
1053 1408 1118 1458 est:

165 1477 231 1532 imo
243 1483 274 1532 et
286 1475 398 1532 latinus
412 1481 518 1531 noster
529 1474 681 1546 interpres
693 1473 804 1549 alicubi
814 1474 1005 1546 praescripsit
1016 1515 1024 1541 ‚
1040 1474 1120 1529 Psat-

166 1563 231 1603 snas
237 1548 292 1619 ipsi
303 1547 402 1609 David.
422 1548 538 1612 Verum
555 1546 606 1605 hic
619 1544 713 1610 dandi
724 1560 816 1603 casus
828 1561 886 1615 per
902 1545 1118 1607 hebraismum

165 1619 230 1676 rim
244 1620 366 1689 genitivi
376 1618 484 1685 habet,
494 1617 640 1688 idemque
650 1625 697 1689 est
707 1631 743 1675 ac
753 1616 894 1684 Psalmus
905 1616 1048 1684 Doridis,
1063 1630 1121 1675 seu

168 1690 314 1748 anaside
328 1692 471 1760 scriptus.
862 1692 865 1695 '

204 1765 239 1830 2)
261 1764 320 1820 Pro
329 1765 406 1830 testi
418 1761 547 1818 Christo.
564 1760 692 1818 Sorieat
702 1759 823 1817 Dmniao
833 1763 892 1818 Deo
903 1774 973 1825 sito,
991 1767 1019 1819 et
1028 1759 1122 1821 David

168 1835 234 1904 regi
247 1849 316 1902 suo,
330 1850 414 1907 quem
427 1832 572 1890 suscitabo
584 1834 633 1887 eis.
655 1835 717 1889 ter.
741 1842 806 1888 xxx
822 1850 848 1902 9.
866 1830 1018 1887 suscitabo
1032 1845 1121 1900 stipor

169 1921 217 1961 eas
238 1909 328 1976 (oves
340 1907 444 1974 meast
463 1910 613 1959 Pastorem
628 1920 719 1971 anam
727 1943 739 1972 ,
753 1903 803 1975 qui
814 1911 916 1974 pascat
929 1918 993 1972 eas,
1004 1918 1122 1967 serrum

163 1990 264 2034 'naum
276 1976 368 2039 David
386 1995 396 2032 r
415 1978 474 2049 ipse
484 1985 581 2046 pascat
597 1992 687 2058 casp..
703 2014 712 2032 .
729 2011 737 2028 .
753 2015 761 2032 .
782 1983 810 2031 et
826 1988 925 2043 senas
939 1991 1018 2031 meas
1030 1975 1123 2039 David

169 2050 229 2105 erit
241 2049 370 2122 princeps
383 2051 414 2104 in
425 2049 518 2117 medio
530 2064 639 2112 eorum.
662 2048 710 2104 liz.
725 2058 825 2104 xxxiv
839 2048 873 2103 so
890 2062 936 2118 sq.
960 2046 1057 2118 idque
1076 2062 1124 2103 ro-

167 2122 283 2191 petitur
292 2123 339 2183 ita.
353 2132 466 2178 xxxvii
480 2122 514 2184 si
528 2134 572 2190 sq.
587 2123 652 2188 Quo
664 2120 781 2177 ratione
791 2121 858 2176 hec
868 2118 1124 2189 deDavidcrege‚

169 2201 255 2249 tanto
268 2203 337 2249 ante
350 2201 493 2259 mortuo,
507 2191 658 2260 ieremias
671 2199 702 2247 et
714 2191 855 2248 Ezechiel
865 2192 969 2250 futura
982 2204 1125 2261 praenun·

168 2264 302 2321 tierent?
319 2266 363 2320 lie
378 2264 489 2321 Messio
506 2264 615 2332 igitur,
640 2263 765 2320 navidis
784 2271 912 2335 nepote,
933 2264 1014 2320 dicta
1033 2277 1123 2330 esso,

168 2346 265 2392 nemo
280 2344 326 2391 est
343 2336 395 2406 qui
412 2350 475 2392 non
494 2336 604 2391 videat.
626 2337 771 2402 QuaereS,
795 2346 834 2391 an
851 2335 976 2391 Doridis
996 2333 1126 2397 nomine

170 2406 299 2462 Messias
315 2407 349 2460 iu
368 2405 428 2462 illis
444 2407 537 2462 etiam
549 2407 693 2463 ieremias
709 2406 843 2463 oraculis
863 2406 1051 2475 significatus
1071 2405 1123 2461 sit.

170 2477 322 2533 suscitabo
342 2477 434 2533 David
448 2491 570 2547 germen
579 2479 705 2548 justum.
725 2481 788 2533 ier.
805 2489 888 2535 xxttt
905 2479 930 2530 5.
958 2476 1126 2532 (terminare

171 2547 279 2617 sariam
291 2548 383 2603 David
395 2564 514 2620 germen
530 2551 671 2621 justitiae:
682 2551 743 2604 ter.
759 2560 863 2605 xxxttt
880 2550 920 2604 15.
943 2546 1126 2616 Expeditum

172 2618 212 2674 ad
235 2618 303 2675 haec
326 2633 512 2689 responsum
533 2622 629 2678 edunt
651 2621 739 2678 codd.
767 2620 904 2678 hebraici
917 2617 1124 2688 ,·cttaldaici‚

173 2689 285 2759 greci,
304 2690 356 2760 qui
366 2705 474 2759 omues
485 2700 616 2764 utroque
629 2692 698 2749 loco
707 2705 821 2747 nomen
834 2692 926 2756 David
938 2705 1013 2749 casu
1023 2689 1126 2749 dativo

172 2760 302 2827 habent,
317 2761 422 2832 sicque
434 2778 453 2833 a
467 2765 605 2832 germine
619 2763 772 2836 promisso
785 2762 862 2820 iliud
871 2761 1127 2823 manifestissime

173 2831 375 2902 distinguunt·
392 2837 496 2905 ipsum
514 2844 619 2905 tamen
633 2849 760 2906 germen
777 2833 855 2901 illud
878 2835 1027 2893 ambobus
1047 2833 1126 2895 locis

171 2904 302 2963 Messias
316 2913 381 2970 est,
404 2907 486 2977 quod
503 2906 662 2975 chaldaica
678 2907 841 2978 utrobique
863 2906 1030 2973 dilucidat,
1049 2907 1127 2966 dum

172 2974 336 3046 pollicetur
356 2979 458 3035 navias·
477 2993 531 3037 seu
551 2979 657 3036 domui
675 2979 773 3036 David
791 2980 921 3036 Messium
935 2979 1080 3052 justitia,
1094 2978 1128 3038 id

174 3055 243 3113 est,
260 3047 416 3119 christum
428 3049 553 3120 justum.

209 3120 266 3175 Dc.
279 3118 440 3184 Redundat
450 3121 483 3176 in
494 3120 704 3192 apocalyptica
716 3122 771 3182 illo
785 3137 792 3178 :
804 3137 917 3178 mensus
927 3132 970 3179 est
981 3124 1129 3181 civitatem

176 3187 210 3243 de
221 3191 364 3246 arundine
375 3208 475 3247 aurea.
497 3196 590 3263 Apoc.
608 3203 664 3247 xxi
680 3194 721 3249 ιθ.
743 3194 851 3261 idest,
866 3195 1025 3252 arundine.

211 3263 245 3342 2.)
267 3259 326 3318 Pro
340 3277 399 3330 ex,
417 3263 466 3328 vel
479 3263 525 3333 ab,
553 3262 620 3319 Vide
635 3265 828 3320 tritmititateas
843 3282 938 3322 meam
954 3266 988 3322 de
1006 3266 1128 3323 ininticis

174 3344 254 3412 mess.
276 3333 324 3387 Ps.
345 3345 379 3393 tx
402 3336 442 3397 ti.
464 3335 540 3391 vide
559 3335 718 3391 miseriam
736 3344 767 3393 et
786 3336 987 3407 abjectionem
1000 3352 1126 3405 meam,

176 3413 218 3482 ex
222 3401 421 3483 mimicorum
433 3405 594 3475 iniquitate
603 3415 718 3462 natam.
738 3407 832 3474 vide,
847 3421 1008 3479 quousque
1022 3409 1060 3465 ab
1070 3409 1127 3465 ini·

174 3481 264 3550 nncn
280 3473 444 3542 depressus
458 3476 535 3543 sim;
547 3477 693 3533 videlicet
704 3492 803 3548 usque
817 3479 1004 3548 adpraesens
1017 3479 1126 3537 mortis

177 3536 362 3610 discrimen,
379 3560 475 3616 usquo
489 3548 527 3602 ati
540 3555 643 3616 portas
657 3548 786 3614 mortis,
806 3555 840 3602 ut
851 3547 987 3619 loquitur
1000 3564 1028 3604 v.
1043 3564 1087 3619 sq.

212 3607 246 3671 e.)
264 3612 323 3665 Pro
336 3614 394 3678 ob,
411 3625 546 3688 propter.
562 3622 602 3674 De
617 3618 731 3688 saepius
744 3617 909 3689 repetitum
921 3619 1012 3677 Ec'cli.
1028 3630 1095 3675 xutt
1110 3635 1123 3673 2
