2475 4034
164 120 241 192 29²
471 90 624 158 Psnvns.
673 87 822 157 Pusron.

186 211 194 225 ''
207 213 344 269 Pnnvos
358 205 511 265 Pharaoni
526 202 565 268 ue*
578 210 667 262 aetate
681 220 735 260 sua
748 201 913 275 respondet
923 202 1019 279 iacob
1034 198 1122 276 {illes
1225 234 1226 259 l

160 276 414 355 ‚pergrinutiunis
430 285 501 332 naeu
512 285 626 333 centum
640 276 764 344 trigintb
776 289 922 331 annorum
933 276 1003 328 sitiat
1015 311 1026 339 ,
1038 272 1124 346 ρανῠί
1225 296 1226 301 ’

161 354 296 412 ermuli.
313 355 388 409 Gan.
409 357 500 406 xnvn
519 367 545 417 b·
569 351 648 405 'ram
670 347 838 412 hebraica,
861 358 953 415 quam
975 350 1124 413 grueret
1225 372 1226 427 ι

172 423 329 484 chaldaica
343 436 402 478 vox
412 429 443 478 ct
455 433 590 491 paucos,
607 425 638 475 et
648 432 757 487 parvos
771 417 930 486 significat.
948 415 1043 472 sicuti
1056 413 1122 472 tiles
1225 430 1226 433 ¹

160 498 304 565 frnaguus
317 501 382 561 est,
398 505 459 564 quo
471 493 553 546 Deus
565 506 615 547 res
629 489 765 545 illustres
776 496 893 560 patrat:
904 486 945 543 ita
957 487 1022 543 dies
1035 486 1123 558 parti

163 575 265 634 cunt,
279 565 389 638 quibus
401 561 571 633 ignobiles,
591 569 623 619 et
634 560 784 616 molestiis
798 558 964 617 conflictati
976 557 1120 617 vivimus.

175 638 236 698 seu
253 636 338 695 netni
353 635 477 708 quidem
491 634 556 690 (lies
576 632 760 703 aspernandi
777 640 848 688 sunt
862 631 947 703 :utris
966 631 1041 686 enim
1059 629 1124 684 ties*-

128 744 131 751 ,
161 709 333 783 -ueult'us'es
356 720 460 780 curvos
480 705 495 760 i
519 714 548 762 et
566 705 770 770 letabuntur,
791 712 820 760 et
843 702 979 758 uiuebnnt
1000 700 1134 773 lapideu-

161 793 329 839 :stanneum
346 780 377 835 iu
394 792 485 835 mune
499 775 667 834 zorobabel.
693 773 784 831 zach.
809 784 843 830 tv
866 792 907 829 ιο.
928 771 1018 844 Lapis
1040 779 1125 831 stan·

165 860 312 911 vrrcus'est
322 848 597 924 perpendiculum,
617 846 739 917 insigne
751 844 829 902 labri
841 844 1029 902 tediilcantis.
1051 847 1126 904 Post

174 925 322 984 molestos
339 923 396 981 hos
412 922 478 978 (lies
495 920 611 991 aliquot
624 917 735 976 rediliit
752 915 878 985 laetitia,
904 929 978 974 cum
997 929 1125 1000 appare·
1149 962 1154 975 ι

163 997 219 1054 ‘bit
231 1018 241 1065 ,·
255 999 364 1053 Deum.
375 1009 431 1067 per
448 991 572 1051 fidelem
591 991 757 1063 quemdam
776 1002 901 1047 servum
923 1001 1016 1045 suum
1031 987 1125 1047 ardub-

164 1064 550 1127 ‚carutienuo'ecclesiam
733 1068 734 1071 ’

166 1160 188 1183 -=
213 1144 354 1197 Pisone.
370 1137 470 1208 Aliqui
481 1139 653 1194 Veteruma
667 1149 767 1207 graeco
776 1136 883 1193 Puscbu
895 1133 1029 1208 (potiori
1039 1133 1125 1218 ⁸male

177 1211 284 1283 utique
294 1208 480 1267 derivarunt.
496 1209 647 1267 Hebraice
657 1217 704 1264 est
713 1207 825 1263 Pesucb.
840 1205 1001 1264 chaldaice
1013 1206 1122 1263 Ptscbu.

179 1282 395 1353 temnentia,
419 1293 481 1335 non
497 1280 617 1347 Picta,
643 1280 698 1336 sed
713 1280 836 1334 Pis-ctu.
855 1280 865 1346 l
888 1277 973 1333 Unde
987 1287 1074 1344 Lxx,
1095 1284 1127 1335 et

176 1353 275 1410 Graeci
284 1360 415 1418 omnes,
439 1365 476 1408 ac
489 1351 588 1407 Latini
602 1392 610 1417 ‚
626 1364 718 1406 suum
729 1353 840 1406 Pascua
852 1351 1034 1408 formarunt
1051 1350 1127 1406 Sen-

167 1432 231 1483 -sus
242 1422 386 1481 vocabuli
399 1422 580 1492 neutiquam
593 1438 608 1477 a
622 1421 766 1493 patiendo
779 1422 928 1492 petendus
938 1428 985 1476 est
995 1434 1003 1476 ε
1014 1419 1127 1477 Christi

170 1495 262 1553 tanim
279 1493 520 1564 passimemoria
530 1507 594 1550 non
607 1491 848 1550 adlaetissimum
864 1506 900 1551 ac
908 1489 1127 1562 triumphalem

177 1568 262 1624 hunc
280 1565 387 1633 diem,
409 1564 464 1621 sed
476 1565 578 1636 potius
598 1565 638 1620 ad
655 1567 845 1621 Parasceven
864 1563 1024 1621 referenda
1037 1571 1126 1630 erat3

171 1637 234 1707 „sed
251 1636 402 1707 significat
411 1635 580 1692 transitum
595 1635 741 1703 Domini,
764 1649 802 1693 eu
814 1650 932 1705 sensu,
958 1650 1052 1706 quem
1071 1638 1124 1692 Ex.

174 1719 279 1767 nitu
299 1717 334 1766 et
350 1726 383 1778 ιφ
404 1706 535 1778 legimus
554 1744 563 1763 .
586 1707 618 1763 in
635 1708 714 1765 voc.
729 1707 817 1765 pause
838 1723 855 1765 a
877 1721 928 1765 me
946 1706 1039 1779 paulo
1058 1713 1128 1783 post

171 1779 411 1840 declarandum.
929 1812 931 1817 ,

90 1858 92 1863 '
187 1872 192 1879 *
212 1854 333 1911 Pisco-
348 1852 484 1925 Euiuuirn
493 1852 730 1922 aurasicensem,
744 1859 773 1909 et
784 1856 1026 1925 sequituroestum
1038 1870 1050 1906 .·
1064 1861 1128 1909 tutu

165 1925 224 1981 uie
236 1925 440 1990 mucetum,
461 1931 491 1981 et
507 1926 676 1982 restitutens
692 1924 865 1996 multiplicat
881 1941 893 1979 .·
910 1933 939 1980 et
954 1924 1045 1995 foedus
1063 1939 1129 1981 eum

178 1997 303 2069 Assyriis
325 1995 412 2063 iulis,
434 2004 463 2052 et
483 1997 577 2053 oleum
593 1999 623 2053 in
641 2002 798 2075 AEgyutum
816 1996 937 2069 (nebat.
959 1998 1010 2054 Os.
1031 2008 1080 2054 xli
1103 2016 1125 2053 ι.

173 2071 312 2127 Poscere
326 2077 454 2125 ventum
467 2067 600 2139 (licitur,
620 2068 674 2141 qui
686 2080 813 2139 operam
825 2069 951 2127 inanem
964 2069 1077 2138 sumit,
1096 2076 1128 2125 et

178 2139 293 2198 trustra
310 2138 429 2198 laborat
451 2155 459 2196 ε
485 2140 586 2212 qualia
610 2149 683 2198 sunt
696 2140 786 2212 apud
807 2154 887 2209 nos,
909 2139 993 2197 littus
1017 2156 1127 2208 arare,

179 2210 426 2270 surdosiabularn
445 2226 580 2282 canere,
599 2212 772 2285 AEtliiupem
790 2211 903 2271 lavare.
925 2214 990 2268 ilex
1007 2211 1129 2270 israelis
1233 2220 1234 2233 ¹

178 2283 257 2342 (lece
271 2285 357 2354 prius
374 2284 489 2341 ludere
511 2296 545 2342 se
567 2280 698 2354 illigavit
715 2284 848 2356 Assyriis
863 2324 872 2351 ,
893 2283 1004 2340 deinde
1022 2285 1060 2340 iis
1079 2298 1131 2340 re·

177 2353 258 2412 lictis
274 2356 314 2412 ad
331 2355 485 2426 AEgyptlus
500 2371 532 2413 se
548 2355 722 2424 transtulit,
741 2355 884 2426 pretiosis
902 2354 995 2411 etiam
1014 2356 1104 2411 donis
1121 2398 1129 2425 ,

177 2425 261 2483 iuter
281 2424 620 2495 quae.launattsstmum
641 2426 788 2482 samariae
808 2425 934 2491 oleum,
961 2425 1132 2484 amicitiam
1156 2470 1159 2476 .
1233 2480 1234 2489 ,

178 2508 290 2567 eorum
304 2503 470 2553 mercatus.
497 2497 637 2559 Primum
658 2504 706 2552 est
727 2495 859 2563 inutile23
871 2495 1015 2552 alterum
1033 2497 1131 2555 utiam
1233 2510 1234 2569 ᾗ

178 2564 398 2636 perniciosum.
417 2567 488 2623 ideo
507 2569 608 2637 primo
621 2566 728 2624 tribuit
739 2567 922 2623 menducium
930 2605 942 2634 ,
965 2565 1053 2624 alteri
1065 2583 1133 2623 cus·
1233 2598 1234 2605 ι

179 2638 302 2693 titutum.
318 2636 458 2695 Primum
470 2646 517 2694 est
527 2638 662 2695 hominis
676 2638 771 2704 latui,
786 2639 839 2710 qui
852 2636 902 2696 vel
915 2639 1003 2709 pasci
1015 2650 1129 2708 verno,

177 2706 227 2773 {vel
241 2722 315 2766 eum
332 2718 444 2778 capere
456 2709 531 2766 etia
548 2723 662 2780 pascua
680 2709 747 2768 vult
765 2711 919 2792 educere3
937 2709 1072 2768 alterum
1084 2720 1133 2770 cst

178 2778 419 2839 huminiszsuurn
431 2781 579 2837 damnum
592 2781 757 2853 quaerentis
771 2823 781 2849 ‚
800 2783 875 2839 dnm
887 2786 991 2854 captat
1003 2792 1132 2841 ventum

179 2852 314 2911 culitlum
324 2852 399 2923 ‚vqui
412 2852 552 2910 omnium
564 2854 702 2910 maxime
713 2853 896 2926 corporibus
913 2868 1028 2915 nocere
1042 2855 1130 2912 solet.

188 2934 197 2961 ³
214 2925 401 2992 iii’ascere
417 2924 448 2980 in
466 2923 568 2993 gladio
584 2932 616 2982 ct
633 2925 759 2985 lanceis.
782 2925 876 2985 iiich.
896 2928 958 2984 vti.
979 2928 1070 2986 Hunc
1083 2926 1132 2985 lu«

178 2995 580 3069 quenuimodumexposui·
595 2996 629 3053 in
643 2998 774 3055 Neurus.
834 3032 837 3037 -
908 3004 913 3023 ³

182 3096 187 3105 1
215 3069 490 3127 Psarornonruu.
517 3068 556 3125 1.·
571 3069 672 3126 Maon.
699 3081 734 3126 nr
758 3069 793 3125 58
815 3078 847 3127 et
869 3071 913 3143 ⁵7·
933 3071 1134 3147 Pastopboiia
1233 3074 1234 3093 ³

178 3144 271 3198 erant-
285 3138 427 3199 cubicula
447 3154 502 3196 seu
519 3141 755 3210 promptuaria,
776 3142 810 3198 iri
825 3140 937 3213 quibis
949 3142 1136 3217 'necessaria

180 3210 343 3283 utrumuis
362 3210 571 3268 ministerium
591 3220 624 3268 et
640 3221 786 3271 ornatum
806 3214 1021 3272 servabantur.
1130 3230 1139 3243 ..
1233 3246 1234 3281 ι

215 3286 360 3340 Pus'ron.
382 3285 473 3340 Verba
488 3282 662 3354 sapientium
677 3285 753 3341 sicut
770 3285 900 3356 stimuli,
920 3296 949 3343 es
960 3287 1048 3361 quusi
1059 3287 1137 3355 cluet

180 3354 210 3409 iu
221 3356 316 3411 altum
327 3353 414 3427 deflet·
421 3396 431 3423 ‚
451 3368 515 3428 quatu
524 3354 804 3431 per'mugbnurum
816 3357 968 3415 consilium
980 3359 1053 3416 datu
1064 3360 1135 3415 suut

179 3434 324 3498 upasture
337 3440 405 3483 unu.
419 3425 523 3485 Eccle.
535 3437 585 3484 xn
600 3444 642 3482 ιι.
657 3429 767 3485 Pastor
777 3444 858 3486 unns
869 3470 878 3498 ,
891 3431 912 3486 i.
926 3445 954 3487 e.
969 3436 1132 3498 summus,

179 3498 262 3555 bens
278 3505 347 3555 est:
367 3498 421 3570 qui
435 3511 493 3556 nos
509 3498 736 3570 persapienter
756 3512 862 3559 servos
882 3515 955 3559 suos
971 3502 1133 3572 docendo,

180 3567 219 3623 ad
231 3567 348 3625 bunum
360 3568 518 3637 cumulat,
535 3576 566 3627 et
576 3584 617 3628 ne
631 3584 649 3627 a
662 3570 743 3628 bonu
755 3571 795 3628 ad
806 3571 924 3631 malum
939 3574 1132 3643 defluamus,

180 3639 505 3715 notenterco'nilrmnt.
658 3686 688 3692 ..
729 3682 751 3689 ..
934 3693 939 3699 .
1053 3671 1057 3679 ι
1114 3648 1118 3654 '
