2475 4034
128 135 172 208 aa
371 134 564 205 Girrrrmr.
613 111 840 203 Cunabula
910 208 919 219 x

127 244 497 329 historlaotjliitangeliis
512 249 616 311 tribus
638 250 795 320 prioribus
807 247 937 308 :silentio
952 260 1081 322 prater-
1141 298 1154 319 r

127 331 248 382 eantur.
271 322 303 380 si
315 323 453 393 captivus
472 324 505 379 in
519 325 733 380 Romanorum
747 321 891 379 manibus
902 323 956 379 diu
969 324 1080 382 haesis-

127 403 174 453 set
185 394 354 453 Antiochus
368 436 376 462 ‚
388 394 502 461 fateor,
512 409 625 464 parum
633 394 699 450 iore
713 394 860 451 credibile
873 434 882 460 ‚
894 393 927 450 id
935 395 983 451 vel
992 397 1081 466 igno·

126 475 249 525 raturos
259 467 354 524 fuisse
364 466 533 535 scriptores
545 474 697 532 caeteros,
711 466 760 523 vel
770 467 951 522 omissuros.
969 469 1030 524 Sed
1041 470 1085 531 ad

127 545 390 610 rempraesentem
401 537 476 593 satis
489 544 557 604 est,
573 537 685 606 exigno
707 538 855 606 temporis
869 539 967 611 spatio
987 540 1024 596 ab
1040 540 1078 598 iis

127 612 309 676 detentum,
327 608 392 665 sive
405 608 451 675 vi,
468 607 534 665 sive
552 608 652 678 pretio
671 615 724 675 aut
743 609 840 677 gratia
858 625 892 666 se
909 609 1079 680 liberasse,

128 695 261 755 natorum
279 679 356 737 nibil
374 679 523 738 Romanis
536 687 608 736 tam
628 679 854 747 honorificum,
874 689 909 737 ut
926 694 988 737 non
1005 698 1080 753 sup-

126 755 261 829 primere
278 752 402 822 potius,
424 764 519 822 quam
537 765 683 822 spargere
702 752 868 823 expediret
890 755 1079 810 Praetermis·
1112 774 1130 813 a

128 823 205 883 s'nmv
218 832 301 881 certe
318 822 356 879 ab
369 821 460 891 aliis,
480 831 587 880 noster
598 823 712 882 docuit
733 840 740 880 :
760 824 850 892 cuius
866 824 1079 894 antiquitatem

127 898 196 968 quis
215 896 400 953 criticorum
421 894 572 964 negabitt
596 903 649 952 aut
670 895 739 966 quis
758 895 878 952 bivium
899 905 929 952 et
950 899 1080 967 Pompe.-

126 968 193 1028 ium
209 971 347 1037 Trogum
364 967 413 1024 vel
431 966 643 1036 diligentiores
665 967 853 1035 historicos,
879 968 927 1025 vel
944 968 1079 1041 pruden-

128 1041 223 1099 tiores
241 1040 325 1097 viros
339 1053 408 1095 esse
428 1039 539 1096 dixerit
556 1038 700 1096 Matthaeo
713 1047 744 1095 et
761 1042 893 1096 Marco?
918 1040 986 1110 ouis
1005 1053 1079 1097 vero

117 1113 286 1171 ‘iustinum
303 1119 334 1167 et
350 1111 475 1169 Florum
496 1111 640 1168 Samuele
654 1125 711 1167 seu
728 1109 883 1181 pleniores
896 1153 904 1178 ‚
916 1140 919 1147 ·
931 1127 986 1168 seu
1004 1112 1080 1168 iide-

127 1182 221 1242 liores
234 1182 389 1255 appellare
399 1183 534 1239 audeat?
547 1183 632 1254 atqui
643 1183 757 1239 suntin
766 1183 910 1240 manibus
920 1184 1078 1250 omnium,

128 1271 196 1327 quae
213 1254 365 1327 pastillos
379 1254 637 1324 Paralipomenon
657 1262 808 1312 auctorat
824 1258 960 1312 loannes
974 1263 1081 1313 ancto-

128 1327 218 1385 ritate
233 1341 302 1385 ·non
320 1326 425 1383 minus
444 1320 554 1382 Divina
568 1325 730 1383 addidere.

165 1400 338 1456 (lei'Plitltl.
358 1397 449 1467 Quasi
461 1398 567 1469 capitio
584 1399 690 1453 tunica
705 1398 869 1467 (hebraice
885 1398 1018 1471 qaasios
1032 1407 1081 1454 trt-

128 1470 200 1527 aicoe
217 1471 225 1537 )
245 1470 453 1526 succinxerunt
469 1486 524 1524 me.
542 1468 609 1526 iob.
635 1481 701 1526 xxx
716 1471 763 1526 18.
779 1470 948 1527 Multitudo
965 1470 1081 1528 vermi·

123 1541 291 1610 bealorum,
308 1555 432 1598 sursum
443 1556 460 1597 a
473 1540 554 1597 collo
564 1541 595 1596 in
609 1549 702 1611 caput
711 1542 960 1613 surrepentium,
976 1541 1081 1613 proris

128 1627 214 1672 mam
229 1613 336 1684 capitis
349 1621 471 1683 partem
482 1613 618 1670 obducit.
880 1642 883 1647 «

164 1686 363 1742 ΟΑΡιΤιιιιιιι.
386 1684 552 1757 Capitulum
568 1693 667 1741 autem
679 1699 765 1754 super
780 1698 837 1750 eo,
851 1697 921 1756 ‘qum
932 1682 1078 1740 dicoretur.

130 1756 223 1813 Rebr.
244 1768 306 1814 vlu
321 1776 344 1812 1.
367 1756 399 1813 id
412 1765 480 1813 est:
499 1764 532 1813 ut
551 1755 731 1813 summatim
747 1756 871 1824 dicam,
896 1755 1091 1825 utbreviter

128 1827 319 1899 complectar
337 1828 426 1886 dicta.

165 1901 389 1959 Cnrrxnomx.
408 1896 649 1957 sleutlaselitae
660 1913 699 1955 ex
710 1898 856 1969 AEgypto,
873 1898 915 1955 ita
926 1896 1080 1955 Palaestini

130 1972 353 2042 ecappadocia
366 1971 543 2029 ascendisse
556 1969 701 2027 dicuntur
717 1973 810 2027 limos
826 1982 860 2026 ιιι
874 1990 899 2040 7.
914 1984 978 2027 non
991 1967 1081 2041 quasi

130 2042 286 2100 Palaestini
301 2052 442 2114 unquam
461 2042 492 2098 in
510 2040 700 2112 Cappadocia
712 2078 714 2083 ,
725 2043 905 2103 servitutem
928 2040 1080 2108 tulerint,

130 2115 210 2172 utin
227 2118 354 2188 AEgypto
367 2113 493 2172 liebraei
507 2124 516 2170 t
523 2114 587 2171 sed
599 2113 671 2185 quia
683 2114 1017 2185 reteresGappadociae
1029 2112 1081 2168 in·

95 2198 102 2215 ¹
132 2185 229 2256 colae,
252 2202 270 2244 e
293 2188 392 2260 patria
406 2185 553 2256 agrem,
572 2185 606 2241 in
624 2182 820 2251 Palaestinam
837 2187 1003 2253 venerint,
1023 2198 1079 2242 ex·

128 2259 292 2332 pulsisque
301 2260 373 2318 inde
386 2257 650 2324 llevaeis,ibidem
661 2259 865 2314 consederint.
884 2260 972 2319 Dent
992 2268 1018 2313 ιι
1034 2255 1077 2312 23.

130 2333 326 2401 Quapropter
344 2337 375 2387 et
386 2331 536 2386 ieremias
552 2339 642 2385 xuvu
656 2329 867 2391 dPalaestinos
882 2328 1015 2401 appellat
1028 2342 1079 2384 re·
1120 2380 1122 2385 ,

130 2399 243 2471 iiquias
256 2401 464 2473 Cappadociae.
708 2458 711 2467 ,
1130 2426 1133 2433 =

168 2473 340 2529 Gerrunio
362 2475 396 2528 in
409 2469 612 2528 disertissima
630 2462 682 2527 iila
698 2470 1081 2542 Senectutishypotyposl,

128 2557 227 2614 -quam
245 2551 341 2601 totam
355 2543 387 2599 in
400 2557 499 2599 unum
518 2541 680 2607 collectam
695 2542 774 2603 dabo
788 2545 861 2599 voc.
885 2545 1080 2610 Tenebresco,

134 2623 167 2672 ot
175 2614 235 2673 hoc
244 2614 356 2685 legitur
368 2631 376 2671 ι
388 2614 574 2686 dissipabitur
584 2613 726 2683 capparis.
738 2613 937 2670 iiccle.x115.
950 2617 985 2671 ln
996 2614 1081 2670 fonte

134 2685 280 2747 hebraico
297 2686 484 2758 perspicue:
504 2685 666 2755 abrumpit.
674 2686 893 2756 serapionas,
914 2700 970 2743 seu
987 2700 1083 2756 appe·

134 2758 215 2889 fla&
229 2757 329 2827 eibi,
354 2765 470 2831 potus,
499 2756 691 2829 voluptatum
712 2757 1082 2829 appetentiamsenectps
1159 2764 1161 2769 ⁴

157 2842 175 2888 e
215 2836 286 2888 tata.
1064 2866 1068 2875 ‚

171 2904 384 2963 currivlrxs.
408 2901 562 2960 Hebraico
578 2914 687 2970 more,
710 2916 768 2974 pro
785 2900 926 2973 personis
944 2907 983 2959 et
991 2901 1084 2959 rebus

137 2974 246 3046 captis.
269 2977 337 3034 iloc
361 2990 455 3033 sensu
477 2974 626 3032 donathas
647 2974 842 3032 blachabaeus
862 2974 941 3030 misit
962 2973 1002 3043 od
1019 2988 1085 3029 erare

138 3049 149 3117 (
160 3048 282 3106 hostem
293 3049 302 3117 l
322 3049 432 3121 legatos
447 3062 616 3120 componere
632 3063 732 3119 pacem
744 3062 810 3103 cum
824 3047 906 3116 ipso,
925 3055 954 3102 et
965 3045 1087 3102 reddere

66 3162 71 3171 .
133 3119 163 3174 ei
174 3120 379 3193 captiuitatem.
401 3120 426 3176 1.
447 3119 836 3186 blach.1x70.Aseendt'sti
859 3119 1020 3184 idalium,
1042 3133 1086 3174 ce·

136 3191 204 3261 pt'stt'
222 3192 418 3264 captivitatem
436 3208 447 3247 :
466 3191 601 3264 occepisti
621 3193 700 3247 dada
724 3192 754 3246 in
775 3191 933 3247 horninibus
952 3209 964 3259 ,·
980 3190 1087 3246 etenim

137 3276 196 3340 noo
212 3266 381 3336 eredentes,
399 3263 731 3323 iataoirareuominom
748 3268 848 3319 Deam.
871 3266 921 3318 Ps.
936 3274 1026 3319 vau
1042 3280 1092 3332 ipa

126 3336 313 3394 ¹Ascendisti
330 3336 533 3408 cumpoputo
550 3345 625 3403 tuo,
648 3351 668 3395 o
687 3339 770 3393 Deus
787 3377 795 3402 ,
815 3338 920 3406 Moyse
946 3335 1024 3392 duce
1048 3348 1087 3390 ex

137 3409 266 3478 AEgypto
283 3409 445 3466 interram
464 3409 650 3479 promissam
669 3423 676 3464 :
698 3407 849 3465 abduxisti
867 3413 972 3462 tecum
989 3403 1084 3477 spolia

140 3478 349 3557 dlryptiorum
368 3523 376 3549 ,
396 3488 428 3538 et
446 3489 568 3550 gentem
587 3489 672 3536 tuam
685 3480 804 3551 pridem
825 3479 905 3547 apud
924 3477 993 3535 illos
1012 3490 1085 3554 eap-

141 3552 256 3605 trram:
271 3553 417 3622 accepisti
431 3564 485 3609 seu
499 3553 649 3610 abstulisti
664 3566 795 3616 aarum,
816 3554 995 3619 argentum,
1010 3547 1084 3604 alia-

142 3627 203 3684 que
222 3618 301 3678 dona
317 3626 388 3693 (Ex.
405 3636 444 3681 ιιι
457 3642 500 3680 aa.
515 3627 523 3693 )
539 3639 595 3697 pro
608 3625 668 3680 tuis
682 3623 867 3682 hominibus.
894 3623 944 3691 (io
956 3635 1011 3691 per
1029 3618 1084 3673 lie-

127 3684 314 3750 :braismnm
331 3693 409 3754 loco
437 3713 499 3768 pro.
511 3699 529 3767 ‘l
554 3698 696 3766 etenim,
722 3695 755 3753 id
777 3702 851 3764 est,
874 3694 967 3754 etiam
985 3733 995 3762 ,
1013 3702 1083 3749 'non
