2475 4034
358 95 376 132 Ἰ
443 140 562 209 euno.
612 138 810 212 Gauron.
1036 159 1089 240 ῃ
1171 219 1175 228 ,

139 257 218 317 circo
232 255 339 316 dicitur
349 257 380 314 111
394 255 570 331 protadio.-
584 268 677 313 cecat
689 263 718 314 ct
731 253 851 314 claudat
863 273 922 315 aon
937 258 1092 319 intrabant

139 332 169 387 ia
190 331 334 401 terpiton.
359 344 388 388 v.
410 331 436 385 8.
461 331 528 386 lion
548 327 697 400 placent,
727 329 781 399 qui
796 342 896 389 cecos
915 339 946 387 et
965 332 1092 392 claudos

137 403 217 471 bos,
241 415 304 460 non
324 400 490 468 homines,
511 400 566 458 sed
579 400 767 457 Telamones
780 400 903 458 aedilicii
915 403 964 459 vel
976 410 1092 463 statuas

1 466 2 479 ¹
70 513 74 522 -
137 472 633 533 luisseautumantzmutaeenim
651 480 846 544 mortuasque
858 473 1010 542 imagines
1030 491 1093 550 quo

136 546 235 603 modo·
249 553 321 602 sunt
332 546 480 611 dicentes,
502 550 534 601 et
544 544 670 601 odientes
689 547 703 600 1
728 558 790 615 quo
808 546 901 602 modo
918 554 1093 605 statuarum

137 617 207 675 odio
219 618 317 675 David
325 618 483 675 lebusmos
494 630 595 674 cecos
608 623 641 672 et
651 614 780 675 claudos
793 617 911 687 templo
930 618 961 673 ln
982 634 1094 688 perpe-

136 696 223 746 tnum
238 689 402 747 excludit?
420 688 625 745 proverbium
643 690 770 745 notabat
790 696 1015 758 ostentatores,
1039 691 1093 761 qui

136 759 168 817 in
180 775 304 831 poenam
316 761 500 818 incidissent
511 759 586 816 trel
600 760 695 816 etiam
710 762 748 817 de
761 775 794 816 re
804 774 990 833 quacunque
1003 778 1093 822 usur·

137 833 286 903 pabatur,
309 847 403 903 quam
426 832 493 888 lieri
513 844 577 888 non
595 843 689 902 posse
709 832 919 902 opinarentur.

171 906 282 961 crunt).
309 906 422 962 Stultus
441 902 690 959 coeditttr‘labiia.''
711 907 800 960 Prov.
827 915 848 959 x
869 905 898 959 8.
925 904 1090 975 hebraice,

133 974 176 1033 im
197 975 345 1035 licabitur
358 1017 367 1045 ,
381 981 555 1034 sternetur:
570 985 695 1046 graece,
719 974 963 1046 supplantabitur
979 992 986 1033 :
1009 978 1092 1035 ebal·

134 992 244 1116 duppe,
268 1048 419 1119 capietur.
448 1047 565 1104 Stultus
582 1046 650 1131 suis
666 1047 766 1130 ipsios
786 1047 866 1105 dolis
883 1047 1093 1118 implicabitur

133 1127 163 1176 et
180 1119 337 1191 capietur,
351 1121 453 1191 iisque
465 1118 668 1188 deprebensra
687 1127 856 1190 pometum
870 1120 1009 1190 adeoque
1027 1123 1091 1179 suis

132 1194 239 1249 stultus
258 1190 344 1266 lobiis
355 1191 565 1249 verberabitur.
589 1191 664 1247 ibid.
689 1206 716 1248 v.
736 1208 778 1248 ro.

168 1266 381 1321 erumnarum..
401 1264 481 1319 Sicut
504 1263 565 1336 poli
592 1264 623 1317 in
648 1263 793 1330 excelsis,
828 1271 858 1319 et
876 1273 1015 1319 caetnenta
1032 1265 1094 1321 sinc

131 1334 262 1408 iatpensa
279 1337 376 1406 posito
393 1344 497 1392 contra
512 1334 617 1407 faciem
631 1337 710 1391 venti
727 1337 1033 1408 accommodabant:
1050 1337 1091 1393 sic

130 1416 159 1463 et
170 1424 223 1464 cor
235 1409 372 1473 timidam
383 1408 414 1464 t'tt
423 1408 698 1480 rogitattaae’stattt
707 1417 813 1465 coatm
826 1409 965 1480 impetam
978 1409 1092 1464 timoris
1148 1443 1152 1450 ·

129 1494 188 1535 noa
205 1481 334 1536 resistet.
353 1479 448 1537 ticeli.
464 1489 534 1536 xxti
547 1497 578 1533 aa
595 1494 640 1552 sq.
658 1480 840 1537 Tam-facile
854 1480 982 1538 stultum
996 1481 1093 1537 timor

32 1620 34 1623 ¹
104 1611 112 1626 ¹,
128 1551 263 1609 validior
278 1551 404 1623 dejicit,
424 1563 518 1622 quam
528 1550 619 1610 facile
631 1552 781 1621 ingruens
793 1554 876 1608 venti
889 1553 1023 1622 impetus
1039 1554 1091 1610 de·

128 1624 232 1681 turbat
253 1624 339 1694 palos
356 1623 388 1680 in
402 1624 485 1700 edito
502 1624 573 1684 loco
591 1625 768 1695 expositos,
792 1633 823 1680 et
840 1625 1006 1682 laterculos
1028 1624 1093 1681 dis·

127 1694 194 1767 11611
204 1695 292 1781 male
306 1697 483 1765 haerentes,
506 1697 580 1767 quia
591 1697 677 1753 tenui
691 1704 843 1753 caemento
856 1709 951 1767 parce
962 1694 1046 1752 inter
1057 1710 1092 1754 sc

128 1779 198 1825 com
237 1781 330 1825 assos.

162 1783 261 1909 calgi.
277 1841 339 1896 Eva
389 1830 465 1924 perit
485 1839 579 1908 Gaia,
601 1839 696 1895 diceas
716 1856 726 1893 .·
746 1838 862 1894 Possedt'
876 1836 1021 1892 bominem
1038 1852 1114 1928 pesp¹

128 1913 219 1967 Deum
233 1951 251 1979 ,Ἴ
290 1925 326 1967 er
370 1926 399 1967 ei
421 1911 561 1980 gratiam.
587 1912 662 1966 Gen.
686 1921 720 1966 tv
736 1930 759 1966 ι.
780 1905 933 1966 flabraiee
952 1924 969 1966 a
991 1909 1092 1980 possi·

129 1982 232 2041 dendo
250 1925 374 2050 dfctus,
396 1989 545 2053 tanquam
566 1995 753 2052 possessus,
780 1988 833 2036 aut
848 1981 1020 2051 possessio.
1083 1999 1086 2006 ·

162 2055 330 2111 (labamus.
351 2059 413 2111 Noa
425 2054 519 2109 erasti
530 2053 600 2109 mibi
611 2062 739 2121 argento
751 2053 917 2118 colomam,
936 2051 1039 2125 inquit
1051 2052 1092 2111 ad

128 2126 282 2197 populum
299 2139 393 2182 suum
410 2128 493 2181 Deus
509 2167 518 2194 ,
535 2128 580 2181 is.
601 2133 683 2182 totu
707 2126 750 2188 ai.
777 2123 983 2180 aromaticum
1000 2163 1010 2191 ,
1033 2139 1092 2182 sen

127 2195 342 2258 odoriferum,
363 2196 451 2265 cuius
471 2201 627 2253 eratnsus
641 2195 674 2251 in
690 2211 727 2252 re
744 2194 856 2252 divina.
879 2194 992 2251 beillo
1004 2197 1094 2266 Deua,

128 2266 200 2326 alibi
214 2284 223 2325 1
237 2271 272 2325 Ut
281 2268 351 2339 qaid
358 2269 427 2324 mibi
441 2268 505 2324 tbat
519 2269 554 2323 de
563 2269 643 2323 Saba
655 2266 1093 2338 α11ε1·1ιέ,111οα111111111111αα11ιΙ

127 2341 255 2397 olentem
270 2340 306 2395 de
323 2348 406 2396 terra
424 2339 611 2412 longinquo?
633 2342 695 2395 der.
711 2350 754 2395 vt.
779 2354 822 2393 1ο.
915 2395 917 2399 ,
1092 2355 1094 2358 ·

162 2413 365 2470 montanus.
382 2417 444 2469 Gar
459 2413 564 2482 timebo
583 2411 613 2465 in
625 2411 670 2466 die
682 2412 789 2466 motai
807 2406 946 2482 iniquitas
962 2408 1092 2466 calcanti

129 2485 186 2554 mei·
194 2483 450 2542 circumdabit'me.
467 2487 516 2540 Ps.
536 2491 642 2541 xuvut
655 2486 679 2536 6.
694 2486 756 2539 Gur
769 2482 886 2538 timebo
899 2480 950 2536 die
963 2481 1091 2539 calami·

129 2560 201 2626 toto,
218 2563 253 2613 et
271 2556 470 2630 periculoso,
498 2553 671 2627 prasertim
691 2555 797 2625 judieii
810 2556 824 2609 1
839 2552 922 2610 Nihil
939 2552 1023 2610 aliud
1036 2567 1092 2620 nte

130 2633 249 2684 terrere
262 2642 298 2698 pe
313 2627 477 2699 implicare
493 2636 559 2683 tum
576 2627 710 2697 poterit,
732 2640 826 2698 quam
838 2624 987 2698 iniquitas
1000 2638 1089 2685 meo·

130 2710 199 2756 rum
219 2711 351 2768 operum
371 2700 463 2769 (haec
479 2700 561 2757 enim
580 2699 701 2756 llebraei
719 2713 775 2783 per
793 2698 910 2770 pedes,
935 2712 1088 2768 gressus,

130 2776 161 2827 et
180 2765 297 2828 similla
317 2771 519 2841 'significanti
542 2771 678 2827 maxime
703 2787 729 2827 st
749 2770 787 2827 ad
803 2771 871 2827 vitae
890 2770 1006 2838 finem,
1029 2783 1091 2828 ceu

130 2840 252 2899 calcem
274 2883 283 2908 ,
313 2842 428 2913 impius
448 2843 614 2899 invenirer.
643 2843 704 2899 Sed
720 2843 779 2900 boe
797 2842 844 2899 illi
865 2842 1015 2910 timeant,
1039 2842 1091 2913 qai

131 2914 281 2985 confidunt
296 2913 327 2968 ia
343 2915 452 2970 uirtute
467 2918 475 2983 1
488 2914 645 2985 potentia)
667 2930 744 2980 soa,
762 2924 791 2969 et
805 2915 835 2969 ia
846 2915 1031 2970 multitudine
1047 2914 1090 2967 dt·

131 2984 269 3040 uitiorum
282 3000 406 3042 tuarum
418 2987 597 3058 gimiantar.
619 2999 649 3042 v.
666 3007 691 3055 7.
709 2990 832 3041 Frustra
845 2985 971 3056 qttidem
987 3001 995 3040 ε
1013 2997 1089 3040 nam

133 3069 232 3127 neque
254 3057 349 3113 irater
365 3060 516 3124 fratrem,
542 3072 645 3129 neque
665 3058 829 3128 bominum
850 3057 1013 3126 quisquam
1031 3055 1090 3110 bo·

133 3127 248 3183 minem
271 3128 366 3185 alium
389 3131 543 3186 redimere
560 3138 628 3187 tum
646 3130 779 3199 poterit,
800 3136 853 3183 aut
870 3128 985 3183 iratum
1003 3124 1090 3184 ludi·
1130 3171 1132 3174 ,

133 3207 201 3255 cem
214 3200 360 3270 placare,
380 3202 430 3259 vel
447 3203 546 3272 pretio
565 3197 705 3259 delinire.

165 3272 444 3330 Gdbcllnllnltl'tttl.
474 3275 580 3331 Victor
606 3273 706 3329 David
737 3268 835 3326 semel
861 3275 953 3338 atque
973 3267 1089 3323 iterum

134 3342 306 3400 exclamat:
325 3348 358 3400 111
379 3346 534 3401 idumeam
552 3344 709 3401 extendam
730 3343 961 3398 calceamentum
980 3353 1086 3419 metim.

134 3412 255 3554 {3de
271 3432 302 3469 ιο
315 3423 345 3473 et
358 3427 428 3475 cvii
444 3434 484 3473 to.
501 3420 577 3474 liant
591 3412 784 3490 conculcabo
800 3452 809 3468 .
830 3413 932 3470 victor
943 3411 1090 3481 imposito

103 3550 107 3560 ἱ
190 3494 392 3555 eproter'tm.
1081 3558 1083 3560 ‚

166 3551 336 3613 Cannaba..
362 3560 466 3616 Prima
484 3559 549 3616 dies
567 3558 720 3628 cuiusque
744 3555 883 3623 mensis,
910 3561 1089 3611 nontamen

135 3624 261 3686 {tomani
274 3630 320 3697 (in
330 3631 447 3698 Divinis
456 3628 733 3694 lrlsroluminibus)
749 3628 955 3683 sedllebraici
965 3645 975 3692 ;
987 3626 1087 3692 idest,

136 3708 195 3761 non
207 3701 341 3780 talaris,
361 3704 417 3761 scd
431 3702 563 3760 lunaria.
586 3698 717 3771 Proprie
729 3706 779 3755 est
795 3699 986 3767 Neomenia,
1009 3712 1086 3773 seu)
