2475 4034
174 110 220 206 76
346 111 350 120 '
413 110 543 175 Buxus.
592 108 728 178 Cacus.

165 236 207 284 ut
219 226 328 298 butyro
342 231 374 282 et
391 222 461 282 oleo
479 224 578 282 instar
598 240 685 295 aquae
706 223 884 293 affluerem,
903 232 986 282 tanta
1005 224 1116 297 copia,

169 307 203 356 ut
219 297 267 354 vel
284 297 436 367 pedibus,
458 296 485 353 si
496 296 538 353 ita
552 296 653 353 visum
667 302 771 362 esset,
797 295 935 352 lavandis
954 300 1116 357 sufficeret.

205 372 318 426 BuxtJS.
349 368 534 425 vaticinium
561 381 653 425 suum
674 382 802 423 exarare
829 368 950 436 jubetur
971 370 1118 439 propheta
1151 407 1159 420 .

166 455 255 513 nuper
277 443 395 496 buxum.
423 443 462 496 is.
490 450 555 495 xxx
577 439 603 494 8.
631 439 662 494 iu
688 438 797 495 tabella
821 440 969 494 nimirum
993 440 1117 508 buxea,

167 526 256 570 more
280 519 447 577 vetorum,
477 509 637 566 codicillos
662 510 781 578 ligneos
807 512 1033 580 usurpantium.
1067 512 1118 571 Sic

165 585 353 653 obsignatam
380 581 501 637 abietem
524 595 580 651 pro
601 581 730 651 epistola
761 581 881 648 tabellae
912 582 1048 650 abiegnae
1070 582 1119 639 in-

166 656 283 725 scripta
297 654 427 721 legimus
437 653 518 724 apud
530 652 672 709 Plautum
686 657 769 710 Pers.
786 656 850 709 Aet.
864 664 888 707 ιι
900 668 982 708 scen.
1001 670 1025 708 2.
1038 656 1119 711 Prae-

166 726 279 795 cipitur
296 724 356 781 hoc
376 725 462 798 isaiae
481 725 519 780 ad
540 725 773 782 diuturnitatem
797 740 805 780 :
824 738 896 779 nam
912 723 1026 779 tabella
1045 725 1113 784 hacc

166 799 224 853 erit
239 798 269 851 in
282 797 326 852 die
337 795 491 853 novissimo
506 797 536 851 ia
550 796 747 853 testimonium
763 812 850 869 usque
862 796 892 850 in
908 804 1059 851 aternum.

608 968 661 1052 C.

63 1257 65 1262 .
167 1169 296 1272 Canus.
319 1214 474 1271 Mensura
490 1228 608 1283 genus,
631 1213 857 1284 propemodum
871 1213 1022 1270 librarum
1035 1210 1118 1284 'qua—

98 1303 100 1312 .
159 1288 236 1340 tuor
254 1294 285 1341 et
300 1286 412 1352 semis,
434 1287 461 1341 si
473 1285 616 1342 Tirinum
631 1286 783 1341 audimus.
808 1285 924 1356 Cabum
937 1285 1119 1344 hebraicum

165 1351 262 1411 fuisse
287 1368 394 1425 parem
415 1356 522 1416 volunt
541 1356 676 1412 choenici
703 1359 892 1426 Graecorum.
918 1360 990 1412 Erat
1013 1364 1119 1413 autem

164 1424 288 1481 choenix
302 1428 434 1484 diarium
446 1428 611 1494 frumenti,
634 1428 715 1496 quod
736 1427 834 1483 servis
848 1428 965 1483 domini
1024 1428 1119 1484 otidie

164 1498 350 1567 praebebant.
375 1498 460 1556 Unde
480 1497 556 1556 illud
578 1498 838 1569 Pythagoricum,
863 1513 956 1567 super
976 1513 993 1554 e
1017 1500 1118 1556 oenice

163 1582 229 1624 non
251 1569 420 1630 sedendum
432 1586 441 1635 ;
462 1570 522 1627 hoc
540 1577 608 1637 est,
633 1568 899 1635 sectandumjnon
923 1584 991 1625 esse
1014 1570 1119 1627 cibum

166 1638 300 1702 alienum
311 1654 365 1710 per
381 1640 498 1708 otium,
513 1641 567 1697 sed
581 1647 637 1696 sua
650 1642 764 1710 cuique
776 1640 926 1695 industria
937 1641 1114 1697 vivendum.

169 1765 172 1771 .
201 1713 302 1768 Cano.
319 1713 904 1783 Dianamqueadderemiumprophatum
919 1727 929 1764 .·
946 1712 1117 1775 Cndatora-

165 1781 207 1844 εἰσ
219 1793 323 1839 nostra
331 1785 366 1840 ia
378 1794 530 1854 conspectu
544 1784 678 1844 tuo..1er.
691 1793 758 1839 xtu
766 1799 793 1837 a.
807 1784 838 1844 Si
843 1784 920 1853 sorte
927 1783 1013 1837 cadat
1018 1784 1119 1842 oratio

164 1870 266 1914 eorum
283 1857 483 1928 incomperta
497 1857 621 1912 Domini.
645 1857 708 1914 ier.
724 1864 824 1912 xxxvt
838 1874 863 1923 7.
888 1854 963 1918 Audi
981 1856 1116 1919 oisemo,

106 1971 111 1980 .
166 1927 282 1984 domine
302 1928 342 1982 nai
359 1944 414 1983 rea
432 1944 443 1981 .·
460 1928 556 1984 anteat
575 1928 820 1998 deprecationem
838 1927 867 1981 in
882 1935 1039 1996 conspectu
1055 1935 1115 1981 tuo.

164 2000 226 2055 ier.
244 2010 357 2054 xxxvu
373 2017 415 2069 ¹9·
433 2000 519 2055 idem
535 2006 583 2056 est
595 1999 708 2059 horum
722 2012 849 2065 sensus,
871 2006 903 2056 et
922 1998 955 2053 in
971 1995 1118 2056 hebraico

164 2069 273 2134 eadem
287 2070 402 2141 ubique
418 2070 548 2144 phrasis.
568 2073 676 2143 Patere
690 2077 719 2125 te
732 2070 855 2135 exorari
873 2085 880 2126 :
899 2069 925 2125 si
938 2072 1023 2127 Deus
1035 2069 1118 2127 ssecti

164 2156 198 2204 se
212 2142 355 2212 precibus
374 2143 462 2202 sinat.
639 2173 643 2180 ·
658 2184 663 2196 .

199 2215 235 2283 2)
255 2215 415 2274 cadereiu
428 2222 559 2281 terram,
580 2227 640 2284 pro
655 2211 814 2283 deperire,
836 2212 961 2270 irritum
973 2211 1049 2267 sieri.
1071 2214 1117 2269 De

67 2345 72 2352 ,
163 2286 307 2342 Samuele
320 2287 470 2356 propheta
491 2301 499 2342 a
522 2285 695 2340 aonvcccidit
711 2302 747 2339 esc
759 2285 890 2339 evanidus
905 2285 996 2340 uerbis
1006 2285 1070 2354 ejus
1083 2285 1114 2338 t'n

165 2365 284 2412 terram.
298 2358 323 2411 i.
334 2360 404 2425 arg.
415 2368 454 2412 111
468 2374 508 2425 ις).
524 2356 720 2426 Nullamejus
731 2354 980 2411 vaticinationem
988 2363 1115 2410 eventus

84 2439 92 2456 ·
163 2427 328 2484 frustratus
345 2436 399 2483 est.
425 2428 513 2499 dolii,
533 2429 634 2485 adhuc
650 2435 716 2483 tum
737 2426 856 2493 felicis,
874 2441 916 2490 ea
928 2432 996 2481 erat
1008 2432 1117 2481 aucto·

162 2497 253 2565 ritas,
269 2506 320 2564 ut..
331 2523 333 2530 .
343 2499 401 2554 otsi
412 2498 546 2566 benigno
564 2508 595 2556 et
614 2499 733 2558 ridente
744 2496 832 2554 vultu
846 2509 918 2553 suos
933 2495 1114 2565 exciperet,

162 2577 342 2641 perer-entur
350 2576 454 2626 tamen
464 2570 524 2637 illi,
535 2586 594 2628 nco
605 2570 772 2640 quidquam
781 2566 901 2624 idcireo
910 2567 949 2622 de
962 2566 1114 2635 gravitate

138 2638 230 2722 ,eins
244 2654 280 2697 ac
292 2640 437 2709 dignitate
449 2642 671 2710 detraheretur,
688 2642 718 2695 Si
730 2638 848 2711 quando
859 2639 989 2694 ridebam
997 2638 1038 2692 att
1045 2652 1113 2706 eor,

113 2731 115 2737 .
161 2727 222 2850 ἓως
234 2713 401 2781 credebant,
418 2723 445 2770 et
462 2715 515 2769 lua
532 2716 629 2775 nultra
650 2713 706 2770 mai
727 2726 787 2768 noa
801 2710 922 2767 cadebat
940 2708 972 2767 ia
989 2717 1111 2786 terram.

179 2798 200 2854 4ο
222 2822 229 2839 .
251 2788 388 2853 xxixii,
503 2804 505 2807 ’
654 2831 658 2840 ,
875 2799 876 2802 ’
1076 2786 1083 2846 ᾗ

199 2857 321 2913 cratus.
355 2857 434 2915 Cum
453 2858 553 2915 David
573 2872 628 2912 rex
645 2854 819 2922 tenesmis,
849 2865 954 2911 arcem
973 2853 1046 2912 Sion
1067 2859 1114 2914 te·
1165 2923 1168 2927 ι

161 2928 329 2996 uentibus,
353 2928 541 2986 deditionem
559 2927 766 2998 imperasset:
785 2926 831 2983 illi
844 2925 975 2998 superbe
990 2932 1021 2980 et
1036 2937 1115 2981 con-

160 3001 326 3066 tumaeiter
338 3002 564 3072 responderunt
578 3005 661 3067 :non
673 3000 845 3071 ingredieris
859 3000 933 3066 duc,
949 2996 1006 3053 nisi
1015 2998 1114 3053 austu·

161 3072 230 3128 teris
239 3085 327 3129 cecos
336 3084 364 3129 et
377 3074 515 3140 claudos,
529 3072 672 3140 meantes,
686 3077 748 3129 Non
757 3070 1114 3146 ingredieturnaaidhue.

1 3194 2 3207 .
105 3175 110 3184 ·
161 3147 188 3208 2.
211 3147 284 3219 Bag.
302 3157 324 3203 v
342 3148 369 3202 6.
390 3148 489 3203 Tanta
507 3153 574 3214 erat
591 3144 670 3201 arcis
691 3144 819 3202 firmitas
829 3145 844 3212 3
868 3150 903 3200 ut
919 3142 969 3200 vel
991 3142 1116 3199 caeci'et

160 3215 265 3288 claudi
276 3217 457 3289 praesidiarii
467 3215 625 3274 suffecturi
635 3225 844 3287 sperarentur.
861 3212 1015 3273 Fortassis
1026 3222 1116 3273 crant

159 3285 193 3344 hi
210 3304 228 3344 e
246 3298 462 3347 veteranorum
480 3302 635 3355 numero,
659 3288 734 3358 qui,
758 3289 857 3346 oculis
877 3287 1036 3361 pedumye
1054 3291 1116 3341 usu

159 3358 195 3424 in
210 3359 290 3417 bello
304 3361 448 3429 amissis,
467 3360 499 3415 in
520 3374 590 3417 arce
608 3368 661 3415 tau
685 3374 757 3414 uam
776 3359 810 3415 in
823 3363 976 3428 Prytaneo
990 3355 1118 3416 aleban-

160 3436 221 3484 tur.
247 3432 373 3490 navidis
395 3438 479 3488 certe
503 3431 609 3488 odium
633 3471 641 3499 ,
698 3430 893 3498 duciamque,
909 3428 972 3486 loci
1000 3434 1118 3483 tantam

161 3512 382 3623 conceperant,
396 3510 431 3559 ut
440 3503 596 3570 dicerent,
609 3517 645 3558 se
655 3501 734 3557 vivis
748 3512 909 3571 nunquam
923 3501 1007 3564 iore,
1020 3504 1055 3552 ut
1066 3496 1118 3553 ille

159 3579 257 3628 moeni
268 3585 315 3626 >us
332 3574 490 3644 potiretur.
514 3575 708 3645 Cepit-autem
722 3572 814 3634 David
831 3586 930 3626 urcem
944 3571 1022 3625 Sion.
1043 3581 1070 3623 v.
1089 3585 1115 3635 7.

161 3643 193 3715 ct
203 3637 326 3695 abstulit
345 3657 431 3702 caecos
444 3655 473 3702 et
489 3643 607 3702 ctarrdos
620 3684 631 3712 ,
656 3642 785 3699 odientes
804 3643 938 3714 animam
949 3637 1039 3694 David
1052 3654 1062 3689 .·
1076 3637 1118 3693 id-
