2475 4034
365 206 611 275 Josrtmcarlo.
660 205 826 274 insana.
1009 188 1078 281 'aab

130 323 253 383 dicatur
272 336 280 381 a
299 321 432 392 castiget
444 335 496 383 me
521 319 595 393 ivel
606 320 798 379 exsecrando
817 318 933 399 alium,
950 319 1083 389 castiget

129 398 179 464 tel
201 398 301 462 Deus,
321 393 540 462 utillebraeom
560 393 614 465 qui
630 401 753 451 vetante
766 394 834 465 ipso
848 393 1011 465 AEgyptum
1029 405 1081 465 pe·

131 466 257 524 tierunt.

132 555 136 561 ·
167 539 407 596 iusrmlcnnto.
425 535 487 591 lint
500 547 657 594 cormeum
670 535 890 591 immansuetum
900 534 930 589 in
938 532 1082 605 justifies·

132 609 257 665 tionibus
270 607 336 665 tois.
361 610 409 664 Ps.
425 616 528 664 navlu
541 608 585 664 80.
607 609 641 664 in
658 606 812 664 mandatis
826 606 895 662 tais.
917 604 1080 662 zacharias

131 687 164 737 et
175 677 330 737 Elisabeth
348 686 437 735 erant
449 678 525 750 iusti
544 680 630 735 nmio
649 687 720 733 nate
737 680 853 745 Deum,
876 678 1035 733 insedentes
1051 678 1083 732 in

129 752 262 807 omnibus
282 749 429 807 mundatis
453 758 482 806 et
498 750 755 823 justificationibus
773 748 896 806 Dontint‘.
919 751 991 805 Luc.
1018 766 1030 801 1
1050 750 1078 813 6,

130 824 259 880 Summa
277 821 337 879 lide
357 820 539 888 servabant,
559 821 709 893 quidquid
726 821 758 876 ln
777 820 846 895 lege
866 820 1081 892 praescriptum

129 901 205 951 erat.
227 895 369 965 Auferam
374 893 612 963 justificationem
631 901 723 949 tunm.
743 894 792 947 lla.
808 901 922 961 1111117.
947 890 1032 961 leges
1050 899 1082 948 et

129 966 210 1022 ritus
229 972 299 1022 tuos
319 970 382 1021 :ut
404 979 442 1021 ex
463 963 608 1022 hebraico
626 971 657 1019 et
677 976 778 1031 graneo
792 969 925 1032 apparet.
949 963 1082 1021 Causam

129 1036 247 1094 ibidem
261 1034 400 1107 adiungit
425 1050 434 1091 a
457 1035 529 1105 qnia
547 1036 660 1093 vicinae·
677 1039 788 1103 gentes
801 1034 970 1090 erubescunt
988 1034 1019 1088 in
1034 1034 1082 1088 oio

132 1118 185 1163 tun
206 1109 356 1163 sceterata.
380 1109 461 1164 Fons
482 1105 646 1163 hebraicus
671 1111 703 1160 et
722 1114 787 1160 Lxx
805 1103 920 1159 habeut
936 1105 1080 1173 oderunt,

131 1185 258 1250 propter
269 1178 385 1236 seelera
399 1176 549 1234 nimirum
563 1187 634 1246 tna,
653 1188 787 1250 quorum
811 1173 860 1233 vel
882 1174 964 1248 ipsas
984 1173 1083 1247 pude-
1163 1212 1166 1217 -

131 1257 196 1317 ret,
215 1256 250 1306 ut
265 1248 439 1307 ostenditur
456 1262 484 1304 v.
507 1250 551 1305 aa.

166 1323 349 1378 Jusrmco.
376 1320 476 1376 Omnis
489 1321 610 1393 ponnus
626 1317 744 1375 numeni
753 1356 765 1386 ,
784 1327 813 1374 et
823 1317 985 1388 publicant,
992 1318 1081 1388 iusti·

131 1394 410 1464 ficaveruntlleum,
431 1391 720 1464 baptizotibnptismn
736 1390 867 1446 ioannis.
887 1392 1079 1461 Lne.vl1n9.

132 1462 349 1534 approbarunt
376 1462 433 1520 Dei
463 1465 650 1523 consilinm,
686 1462 851 1518 laudarunt
877 1463 997 1529 Deum,
1026 1462 1082 1534 qul

129 1537 282 1592 ioannem
310 1534 473 1591 misisset:
492 1549 566 1593 cum
585 1533 732 1590 Plausisaei
757 1536 805 1602 (v.
824 1534 894 1604 sep)
914 1531 1081 1591 consilinm

130 1605 392 1675 lleispernerent,
401 1606 552 1662 ioannem
559 1605 767 1677 repudiantes.
780 1605 895 1660 llodem
903 1603 967 1659 irre
975 1608 1079 1673 sensug

128 1677 289 1749 iustificata
306 1686 349 1732 est
367 1677 509 1748 snpientia
527 1679 563 1734 ab
583 1677 715 1732 omnibus
732 1676 796 1745 filiis
814 1675 883 1731 suis.
898 1674 970 1730 ibid.
987 1691 1016 1732 v.
1032 1676 1077 1734 55.

131 1747 285 1819 Sapientia
297 1746 406 1804 Divina
418 1747 538 1804 laudata
549 1756 579 1804 et
592 1748 756 1821 approbata
766 1754 814 1801 est
827 1746 864 1801 ab
877 1744 956 1813 illis,
968 1746 1081 1874 quissm

131 1818 385 1889 agnoscentibus,
408 1833 477 1874 enm
490 1819 567 1875 nihil
579 1834 643 1875 non
655 1819 772 1888 egisse,
793 1823 826 1872 ut
839 1817 1013 1874 necessaria
1046 1830 1082 1875 o·

130 1889 267 1948 minibus
279 1888 422 1960 praesidia
437 1891 694 1947 subministraret.

131 1974 134 1977 ·
168 1963 206 2028 2)
233 1961 406 2017 iustificare
422 1961 563 2030 impium.
583 1962 604 2018 i.
625 1975 651 2017 e.
673 1967 837 2018 nocentem
854 1957 1022 2017 absolvere.
1045 1964 1082 2015 Ne

129 2048 185 2104 pro
196 2031 240 2087 iiis
249 2032 379 2088 omnibus
391 2033 580 2103 confundaris
592 2063 605 2075 ·
618 2063 631 2074 -
642 2062 659 2074 -
670 2062 686 2074 -
703 2041 732 2088 et
752 2031 905 2101 dejudicio
918 2032 1082 2103 justificare

131 2104 260 2175 impiam.
283 2104 376 2162 Ecoli.
392 2115 464 2161 xuu
490 2123 500 2156 1
527 2106 660 2175 sellun
685 2112 716 2159 te
736 2103 849 2172 pudeat
867 2117 991 2159 servare
1014 2101 1082 2159 hmo

130 2175 235 2233 omnia
246 2193 256 2242 a
268 2189 337 2246 oute
348 2182 518 2233 enumerat
539 2179 623 2231 luter
635 2191 670 2231 en
691 2175 782 2231 etiam
796 2182 844 2229 est
857 2181 962 2231 sancta
975 2174 1082 2244 judieii

132 2246 373 2315 administratio,
396 2262 437 2303 ne
449 2247 481 2302 in
495 2245 547 2303 illo
558 2246 673 2316 impius
687 2244 870 2302 absolvatur.

166 2319 328 2375 tusorum.
350 2322 413 2388 Ego
419 2318 552 2389 iustitias
555 2319 702 2389 inuenio.
722 2319 771 2372 rs.
783 2326 882 2373 lxxiv
894 2315 920 2371 a.
936 2313 1083 2372 flehrais-

130 2400 201 2445 mus
214 2397 262 2447 est
280 2405 289 2447 t
342 2398 387 2446 ste
400 2389 553 2461 judicabo.
568 2393 667 2460 Atque
679 2390 721 2446 ita
731 2388 872 2446 videmus
882 2385 1082 2444 eamdem'lo·

130 2460 288 2533 ontionem
329 2461 483 2519 ebraicam
497 2462 534 2519 ab
550 2463 719 2532 interprete
734 2467 841 2516 nostro
861 2458 1012 2515 redditam
1029 2462 1078 2514 Ps.

129 2542 229 2588 avila
251 2547 259 2588 a
277 2541 360 2588 recta
372 2532 513 2603 iudicate.
534 2534 591 2600 Qui
611 2541 714 2588 autem
727 2531 775 2588 lais
787 2531 890 2587 verbis
901 2532 1002 2587 Deum
1021 2531 1083 2586 mi-

129 2604 201 2659 nari
218 2601 342 2671 dicum,
367 2618 401 2661 se
420 2604 458 2660 de
477 2603 565 2660 bonis
578 2605 673 2660 etiam
692 2603 837 2671 operibus
850 2602 1080 2673 judicaturum

130 2671 260 2729 solenne
279 2688 371 2730 suum
384 2675 568 2741 observant,
589 2677 664 2731 dnm
682 2674 738 2730 Dei
759 2672 888 2730 verbum
907 2686 970 2729 non
983 2676 1081 2730 Sano-

129 2752 236 2798 tarum
249 2743 492 2813 seripturarum,
516 2746 571 2802 sed
584 2760 641 2801 suo
654 2760 747 2800 sensu
760 2745 936 2800 metiuntur.

167 2814 205 2876 2)
231 2813 292 2868 Pro
311 2815 531 2874 misericordia.
561 2818 647 2886 Saepe
668 2816 791 2886 justitiae
809 2815 935 2872 nomine
958 2813 1082 2870 miseri·

130 2880 238 2952 cordia
250 2882 444 2954 intelligitur,
467 2900 560 2958 qnam
582 2890 666 2942 Deus
689 2887 906 2945 convenienter
920 2885 1081 2957 promissis
1146 2911 1151 2920 ·

131 2969 149 3010 a
167 2968 201 3010 se
219 2954 307 3011 iactis
328 2954 482 3024 imperem
503 2959 691 3029 prasertim,
713 2966 748 3013 ut
765 2956 960 3014 doctissimus
980 2957 1080 3013 Gene-

129 3023 260 3081 orarum
273 3025 415 3083 observat
426 3028 457 3083 in
471 3032 519 3085 Ps.
535 3039 581 3086 cn
597 3044 628 3085 n.
645 3049 677 3096 7,
692 3043 764 3085 oum
771 3028 890 3098 iustitio
902 3037 930 3084 et
936 3028 1088 3098 jeminum,

130 3096 379 3166 coniunguntur,
398 3097 449 3155 ubi
470 3099 522 3156 illa
535 3099 798 3167 misericordiam,
822 3100 882 3157 hoe
894 3113 968 3157 vero
980 3100 1029 3170 jns
1046 3109 1079 3157 et

129 3180 253 3238 aequum
271 3167 394 3233 indicat
419 3172 478 3226 Nos
491 3171 550 3240 ipsi
563 3173 611 3226 Ps.
631 3181 679 3228 (111
691 3170 708 3226 6
720 3170 868 3239 legimus,
888 3172 1004 3229 Facinus
1023 3173 1080 3226 mi-

129 3238 301 3295 sericordias
314 3239 471 3307 Dominus,
490 3256 563 3297 oum
579 3242 723 3300 hebraice
743 3243 800 3307 sit‚·
821 3243 929 3314 faciens
942 3243 1078 3315 iustitias

89 3322 91 3328 ⁴
128 3311 266 3367 Dominus
278 3329 287 3380 3
300 3319 331 3368 et
350 3327 359 3369 a
378 3312 409 3366 in
416 3311 533 3382 justitia
545 3322 597 3367 tna
610 3315 699 3369 iiberu
710 3329 763 3369 me.
778 3316 835 3370 ¹l’s.
851 3326 914 3371 xllx
933 3332 958 3370 a.
978 3318 1016 3370 At
1029 3318 1075 3371 Ps.

128 3383 249 3438 xllxl15
270 3398 278 3438 ε
297 3382 394 3454 diligit
405 3383 656 3453 misericordiam
676 3385 728 3440 ubi
740 3384 773 3440 in
784 3384 1079 3443 hebraicnestidem

128 3453 313 3536 venabulum
326 3462 481 3525 3quareet
493 3457 527 3510 Ι).
544 3456 749 3526 Hieronymus
763 3456 867 3528 posuit
884 3473 892 3513 z
913 3457 1008 3526 diligit
1011 3456 1080 3524 ius-

129 3531 233 3582 tetram.
261 3525 311 3582 sio
328 3526 420 3583 etiam
446 3525 593 3583 babemus
617 3525 713 3583 latine
734 3536 790 3597 set
809 3526 1036 3598 nsisericnroiinm
1060 3542 1080 3582 a

127 3598 186 3649 Deo
203 3595 330 3653 salutari
348 3613 410 3654 sao.
431 3599 479 3654 l‘s.
501 3598 627 3669 xxiii-5.
648 3610 722 3653 cum
735 3596 1027 3666 immurmurasse,
1045 3604 1080 3653 ut
1111 3640 1114 3647 .

128 3673 159 3721 et
170 3664 376 3739 Hieronymus
389 3669 481 3735 vertit
500 3685 509 3726 a
528 3667 713 3739 etjustitium
726 3683 744 3722 (ι
758 3673 814 3722 Deo
826 3668 929 3723 satutis
942 3678 1009 3721 sun.

164 3736 198 3805 31
221 3738 282 3795 Pro
306 3741 403 3810 gratia
425 3740 548 3813 justum
573 3737 713 3796 iaciente.
744 3739 862 3794 l’assim
883 3735 1075 3859 {gamm
