2475 4034
188 120 259 196 31‘6
428 123 645 190 peonnam.
690 122 897 195 inornate.

186 240 334 297 mendam
348 281 357 307 ,
371 240 464 296 'mole
476 238 591 305 testie,
613 237 731 294 ventres
737 237 825 307 pigri.
847 236 906 293 ‘tic
923 247 936 292 1
952 253 993 293 ia.
1014 229 1148 296 (irtacus

187 312 239 371 hic
253 309 426 371 versiculus
441 318 489 368 est
506 310 715 382 Epimenidis,
735 323 829 381 quem
849 307 964 377 Paulus
984 324 1040 380 per
1058 318 1141 369 cata·

119 450 121 454 Α
187 384 313 443 chresin
332 384 514 510 proplietam
539 383 584 438 sic
608 381 761 452 appellat,
792 388 826 436 ut
844 380 984 440 inanium
1009 382 1141 443 deorum

187 470 278 529 popae
291 457 327 512 in
338 455 392 510 Bib
406 455 442 512 iis
462 455 578 526 passim
590 453 746 524 prophetae
759 458 931 529 vocantur„
948 454 1030 524 quoti
1043 467 1061 508 a
1075 453 1142 515 suis

188 524 923 595 crederenturinstinctucoelestietarcano-agi.
1095 560 1116 571 -·

96 634 107 653 t
188 601 429 730 oegnnvnmm
450 600 617 656 Pro'sacra
631 597 772 664 musica,
795 600 830 652 ut
841 596 958 659 dictum
970 597 1045 659 voc.
1059 609 1170 668 praev-⁴

247 678 328 729 ente.
940 722 943 728 .

224 746 466 800 Paovnnrtssn.
486 741 599 803 Accessi
613 740 655 804 aci
667 741 883 814 prophetissam.
904 741 943 796 is.
963 749 1026 795 vin
1044 738 1072 794 5.
1091 742 1140 797 lie

188 815 284 872 Maria
297 814 422 884 Virgine
434 813 519 885 loqui
531 823 634 872 vatem
646 813 878 883 evangelicum,
895 810 1053 867 innumeri
1066 826 1155 868 auo·

187 895 270 945 tores
287 887 503 954 consentiunt,
523 885 658 956 antiqui,
680 886 813 955 novique
828 901 837 950 3
855 882 932 940 adeo
945 882 1087 954 quidem,
1106 892 1158 940 ut*

188 958 238 1015 vel
255 959 337 1015 inter
353 959 499 1016 liebraeos
516 958 612 1015 Rabbi
631 956 831 1015 naceanosch
843 997 859 1022 „
873 955 1001 1012 matrimi
1021 953 1070 1011 vir
1082 970 1142 1012 no-

189 1030 301 1096 minis,
321 1030 361 1086 de
380 1034 477 1087 liatre
492 1030 612 1087 Messiae
624 1030 658 1086 id
673 1030 891 1100 interpretetur
910 1043 918 1084 :
936 1026 1019 1097 quod
1031 1035 1141 1084 eontra

188 1102 311 1159 intimos
327 1102 512 1160 recentiores
523 1101 647 1171 egregie
655 1109 757 1158 tuetur
766 1098 922 1171 (inlatinus
933 1134 944 1165 ,-
957 1098 1140 1155 fabellarum

190 1174 419 1231 rabbinicarum
433 1174 582 1239 malleus,
605 1172 625 1228 l.
641 1190 667 1241 7.
680 1187 707 1229 c.
726 1173 767 1228 ι6.
782 1174 818 1226 ln
830 1171 905 1228 viso
914 1170 1008 1239 igitur
1020 1167 1141 1227 coelesti

189 1245 292 1314 jussus
316 1253 362 1301 est
383 1246 519 1302 scrihere
544 1244 640 1301 lsaias
660 1258 774 1300 nomen
796 1241 916 1302 Messioe
937 1257 1053 1298 novum
1069 1245 1083 1298 ¹':
1108 1252 1141 1299 et

189 1329 296 1373 coram
311 1316 438 1372 testibus
450 1317 571 1374 duobus
585 1324 617 1372 et
634 1316 701 1387 ipsa
715 1316 835 1372 Messius
853 1314 1024 1383 genitrice,
1046 1328 1141 1385 quem

190 1388 281 1457 paulo
298 1392 450 1457 anteivit
466 1389 520 1456 14)
538 1387 771 1444 Emmanuelem
792 1403 847 1444 seu
860 1388 960 1441 Deum
976 1385 1140 1444 nobiscum

190 1459 328 1525 dixerat,
347 1474 420 1515 eum
431 1473 519 1515 nuuc·
528 1459 753 1530 appellationi
763 1461 799 1527 5)
815 1459 971 1514 victorem
983 1456 1138 1524 celerem,

189 1532 396 1587 vineatorem
415 1529 537 1588 felicem
551 1549 560 1597 ;
579 1530 729 1588 nimirum
746 1532 816 1603 quia
830 1530 968 1586 Christus
985 1530 1023 1585 de
1042 1532 1141 1586 lsrae-

190 1603 254 1660 litis
272 1602 503 1673 pertinacibus,
529 1602 731 1673 gentibusque
752 1602 918 1669 omnibus,
941 1601 1140 1683 celerrimam

189 1683 256 1733 erat
269 1674 427 1732 victoriam
441 1677 606 1746 adepturus
619 1693 629 1742 3
643 1684 674 1732 et
685 1675 810 1732 illorum
823 1674 1012 1745 scripturas,
1027 1672 1141 1731 harum

191 1747 354 1814 scientias,
380 1746 475 1804 veluti
493 1745 628 1818 spolium
649 1746 789 1804 eeclesiae
812 1759 876 1802 sure
894 1745 1140 1813 vendicaturus;

191 1834 322 1891 quorum
336 1820 433 1889 figura
446 1820 611 1875 inminere
624 1819 717 1875 Rasin
733 1827 764 1875 et
778 1817 899 1874 Phacee
918 1835 927 1875 t
944 1824 976 1874 et
987 1824 1021 1872 ut
1032 1816 1140 1875 videas

190 1890 402 1958 celeritatem,
423 1891 525 1949 statim
545 1893 581 1948 ab
601 1892 684 1948 erlito
706 1891 766 1947 hoc
784 1889 929 1947 vaticinio
953 1887 1142 1960 Teglatpha-

189 1962 288 2019 lassar
300 1965 494 2035 Assyriorum
506 1979 579 2031 rex,
595 1964 700 2021 occiso
709 1963 821 2030 llasin,
835 1964 1025 2017 Damascum
1035 1961 1138 2031 cepit,

189 2043 221 2091 et
230 2037 323 2107 syros
334 2036 471 2106 captivos
481 2037 618 2106 Cyrenen
629 2034 804 2101 transtulit3
818 2034 991 2104 eodemque
1000 2039 1141 2103 tempore

189 2107 302 2164 tribum
321 2107 482 2236 llleghthali
495 2122 568 2166 cum
583 2122 695 2179 magua
708 2105 971 2165 Samaritanorum
984 2112 1074 2177 parte
1083 2119 1143 2162 ca.-

211 2179 338 2236 tivama
384 2180 457 2237 uxit.
823 2217 875 2225 -·

176 2196 209 2311 «p
227 2254 421 2311 Pnovnnvo.
437 2253 463 2309 1.
479 2253 548 2309 Cor.
563 2263 619 2309 xvv
628 2251 740 2322 saepius
754 2259 922 2323 usurpatur
930 2250 969 2308 (le
982 2247 1142 2323 explican-

190 2322 270 2378 tiltus
284 2324 427 2380 Divinam
443 2324 566 2392 legem:
586 2325 669 2395 quoti
685 2323 776 2380 hodie
793 2323 1006 2381 concinnando
1020 2321 1063 2378 lic

225 2395 263 2460 2)
277 2395 395 2464 corpus
410 2395 606 2465 prophetans.
628 2397 673 2451 lie
688 2395 796 2452 Elisoen
810 2411 818 2452 :
833 2400 886 2453 Nec
900 2395 1046 2466 superavit
1058 2394 1142 2449 ilium

189 2465 308 2546 emittm
318 2465 458 2537 aliquod,
478 2481 527 2522 res
541 2465 602 2521 ulla
617 2481 626 2522 t
644 2475 672 2522 et
683 2476 833 2525 mortuum
842 2467 1022 2541 prophetavit
1035 2482 1140 2538 corpus

189 2550 259 2604 epus.
283 2535 500 2592 Eecli.x1.v111
530 2539 568 2600 tl.
593 2537 694 2597 elisei
718 2541 870 2605 cadaver,
901 2540 974 2596 dum
998 2539 1138 2607 (inea.

190 2617 250 2691 xttl
271 2622 301 2659 m
322 2608 330 2676 l
351 2615 510 2664 mortuum
527 2608 692 2676 excitavit,
712 2623 790 2680 opus
809 2610 965 2682 prophetae
984 2610 1136 2680 patravit,

189 2680 306 2764 Deique
325 2681 493 2751 potentiam
503 2688 533 2736 ct
548 2681 778 2743 venerationem
790 2683 879 2740 enixe
893 2681 1056 2741 hominum
1069 2680 1140 2738 ani-

189 2765 249 2809 mis
268 2751 443 2810 inculcavit.
1004 2794 1008 2800 .
1072 2794 1075 2799 «

226 2823 267 2891 3)
287 2827 363 2882 0ssa
384 2824 672 2896 prophetantia-lle
693 2829 828 2900 tosepho
850 2827 1034 2899 patriarcha.
1066 2830 1141 2882 ossa

188 2895 275 2964 ipsius
287 2898 406 2954 visitata
419 2907 506 2964 sunt,
523 2908 551 2954 et
562 2910 627 2969 post
639 2909 762 2957 mortem
773 2902 1025 2971 prophetaverunt.
1042 2896 1137 2973 liceli.

189 2979 265 3024 xutx
281 2970 321 3024 ι8.
337 2971 414 3026 Cum
424 2975 595 3042 exAEgyptn
604 2972 936 3042 emigrarentiiehraei,
949 2972 1015 3028 ttttit
1028 2985 1141 3041 quoque

188 3042 295 3111 Moyses
309 3058 374 3097 ossa
386 3046 486 3114 ioseph
498 3059 594 3099 secum
606 3063 617 3099 :
631 3061 664 3101 eo
676 3047 751 3112 quot
762 3045 934 3116 adjurasset»
943 3045 1014 3114 titios
1026 3042 1115 3115 isreel
1129 3082 1139 3106 ,

187 3111 282 3167 dicens
321 3115 451 3170 Visitooit
463 3115 512 3172 vos
525 3121 622 3184 Deus,
643 3117 740 3186 efferte
751 3132 816 3171 osen
829 3133 893 3171 taen
909 3117 973 3171 ltt'ttc
983 3115 1137 3171 nobiscnm.

188 3186 240 3267 Em
257 3196 316 3240 ttttt
332 3205 371 3255 ip.
388 3186 558 3243 Viditenim
569 3192 645 3244 tunc
653 3187 815 3245 universus
827 3187 1036 3244 israelitarum
1050 3199 1140 3242 exer-

187 3264 288 3323 citus,
310 3257 432 3327 impleri
453 3259 632 3315 vaticinium
653 3261 789 3329 ioseph,
812 3262 893 3331 quoti
909 3259 1047 3329 legimus
1060 3259 1137 3313 Gen.

187 3326 241 3384 ult.
259 3327 298 3410 ‚²³
311 3344 356 3400 sq.
372 3331 523 3387 Praeterea
538 3330 689 3386 docebant
699 3344 777 3388 ossa
792 3331 882 3398 hoec,
909 3328 1044 3387 reditura
1064 3326 1139 3385 olim

187 3398 226 3454 ad
239 3406 331 3455 vitam
342 3401 504 3456 hominum
517 3412 646 3471 corpora
661 3417 669 3457 ε
683 3401 714 3457 itl
727 3402 811 3460 enim
826 3403 886 3458 nisi
899 3400 1039 3459 laturum
1057 3407 1139 3455 esset

186 3483 336 3551 quorsum
359 3479 443 3527 tanta
467 3472 661 3539 reverentia,
688 3479 831 3544 tantaque
855 3489 930 3531 cura
950 3474 990 3531 de
1013 3472 1136 3535 ossibus

185 3540 312 3615 pridem
328 3541 444 3616 aridis,
462 3542 537 3615 etin
557 3551 739 3612 perpetuum
752 3544 936 3600 inutilibus.⁰
993 3610 995 3615 ,
1104 3581 1108 3588 -
1128 3562 1131 3583 ²

185 3610 313 3741 ”iffa
326 3625 419 3666 sensu
432 3612 517 3693 veriti
528 3611 617 3683 huius
631 3613 751 3674 musico
763 3615 826 3673 dixi
834 3615 927 3687 paulo
939 3622 1009 3674 ante
1021 3614 1054 3672 in
1063 3616 1139 3671 Pro-
1223 3658 1224 3677 ,
