2475 4034
169 114 243 190 *off
451 118 670 186 arranem·
714 114 855 186 Bccrlc.¹
944 145 947 152 ·

161 231 328 303 ‚criminos
347 230 430 306 quod
441 230 519 304 ophi
530 225 680 291 mensura
698 231 857 291 aridorum
871 235 956 302 erat,
979 229 1073 294 Baius
1091 219 1133 295 lis

168 305 353 378 ¹(aridorum.
373 306 441 390 ¹¹⁰⁰.
451 312 555 362 nmen
567 304 602 360 oe
620 309 694 361 tinto
711 304 858 390 conmuni
873 311 997 365 tantum
1012 306 1132 392 dietum

179 376 245 435 vult
262 377 395 436 lacobus
405 374 550 443 Turinus,
565 375 603 432 de
616 379 770 434 Mcusuns
783 390 840 433 seu
848 375 936 433 vasis
947 418 956 445 ,
969 383 986 443 s
997 377 1132 442 ulnmoa

168 462 252 506 ¹nam
268 451 378 506 batum
391 461 515 505 sacrum
521 486 535 517 ,
551 460 616 505 non
633 447 700 506 sinc
712 446 848 516 radone,
867 448 966 507 mutto
975 450 1132 522 majorem

178 520 277 578 luisse
289 519 474 589 suspicatur.
491 529 495 538 ’

172 651 176 658 ,
215 593 411 649 Bnnrnorn.
432 588 499 645 iob.
516 599 558 648 xc
580 575 613 643 r'o
633 604 700 662 sqq.
724 577 842 648 Nomen
866 581 926 649 hoc
948 578 1132 651 hebraicum
1230 587 1233 596 '

179 663 319 718 ammodo
335 660 505 730 significan
527 668 621 718 tantae
641 662 790 720 nimirum
807 668 855 718 est
874 660 965 719 molis
985 663 1051 720 baec
1065 664 1132 722 ani·
1229 713 1233 728 .

179 747 285 803 mans,
300 740 333 789 ut
344 729 513 789 multarum
525 730 623 790 instar
637 748 698 790 una
713 733 761 792 sit
778 731 949 802 Allegoriee
962 735 1131 793 draconem

176 803 313 876 stygium
326 802 567 874 interpretantur
583 818 703 861 omnes.
726 807 825 862 sensu
836 804 983 875 proprio,
1002 805 1131 878 quidam

172 875 435 947 hippopotamnm
453 875 650 945 existimant,
668 890 781 946 magna
798 875 1008 947 probabilitate
1023 895 1032 943 3
1054 878 1133 936 San·

175 947 246 1006 >eins
267 949 433 1017 (soncior)
460 954 603 1014 taurum.
623 948 697 1006 satis
717 948 899 1015 commode;
918 947 970 1005 alii
988 948 1134 1008 rhinoce-

179 1025 298 1086 rotema
317 1019 438 1076 Hebraei
456 1027 486 1075 et
499 1020 594 1076 nostri
613 1021 729 1091 passim
748 1019 952 1091 elephantem.
977 1023 1061 1077 Inter
1094 1027 1137 1079 o·'

175 1091 283 1151 ,tcuuae
296 1105 360 1147 suae
373 1098 553 1160 argumenta
569 1092 652 1149 bens
669 1092 746 1149 iobo
764 1090 906 1163 proponit
922 1091 1057 1150 maxima
1069 1036 1133 1151 guo

180 1170 261 1221 terra
274 1163 415 1234 marique
430 1162 573 1220 animalia
589 1164 781 1229 ‚Behemoth
793 1162 1003 1235 elephantem
1018 1171 1132 1236 etpost

177 1231 269 1291 iilum
289 1235 373 1303 (iob.
393 1246 434 1292 xc
448 1250 482 1286 ro
496 1247 562 1304 sqq.
577 1241 609 1289 et
627 1242 793 1305 pertotum
803 1237 876 1303 aba)
896 1234 1059 1293 Leriathan
1076 1236 1132 1293 ba·

181 1304 304 1362 laenam.
326 1305 492 1362 Praeterltis
506 1303 715 1375 facilioribus,
734 1314 843 1364 caetera
856 1305 1033 1364 edisseram.
1055 1308 1132 1365 Cum

179 1383 285 1437 tantus
307 1375 349 1432 sit
359 1375 504 1447 elephas,
526 1387 599 1434 eum
615 1385 719 1434 tamen
736 1378 793 1448 feci
803 1388 913 1446 tecum,
926 1388 989 1434 cxx
1001 1395 1020 1433 n
1040 1379 1078 1433 nd
1089 1388 1131 1447 te,

177 1447 386 1504 domesticum
406 1447 538 1506 cteicur
550 1448 664 1505 animai
685 1463 694 1505 ε
720 1448 802 1520 qnod
820 1462 883 1506 non
895 1457 930 1505 nt
943 1396 1132 1510 aitaesselluae

179 1525 310 1582 cruento
328 1518 413 1578 victu
429 1519 588 1589 pascitur,
608 1521 664 1576 sed
682 1520 892 1594 [enumerari
910 1522 959 1576 bos
980 1521 1108 1578 comem
1117 1541 1131 1590 ,

179 1589 285 1651 herbis
295 1604 332 1648 ac
342 1589 584 1660 terraelrugibus
596 1599 785 1650 contentum.
804 1589 973 1660 singularis
986 1592 1134 1662 fortitudo
1237 1642 1238 1645 ,

180 1662 242 1734 q'ns
255 1662 416 1731 intonabit,
435 1665 466 1719 et
487 1663 619 1721 umbilico
634 1679 645 1718 .·
662 1663 766 1721 cinctu
778 1662 862 1720 enim
875 1663 1049 1722 arctissimo
1060 1670 1132 1720 tan·

181 1741 249 1792 tum
262 1733 348 1790 abest
359 1741 394 1790 ot
408 1733 553 1806 laedatur,
572 1742 607 1791 nt
618 1735 712 1792 edam
730 1733 888 1806 expeditus
900 1742 931 1790 et
943 1732 1045 1791 alacer
1056 1747 1131 1794 cum
1144 1741 1147 1746 ⁴

181 1804 260 1864 turri
271 1812 307 1862 et
320 1806 446 1864 armatis
455 1806 609 1878 impositis
622 1822 655 1863 se
665 1805 770 1876 praelio
781 1805 901 1863 inierat.
920 1809 983 1879 lpse
993 1803 1145 1879 estprio.
1234 1805 1237 1818 '

183 1877 288 1947 alpium
309 1878 424 1934 olorum
442 1878 512 1946 lici,
536 1878 618 1936 inter
629 1885 731 1935 mutas
750 1877 921 1935 animantes
938 1878 1131 1949 praecipuum

182 1947 365 2006 Divinornm
378 1961 508 2020 opernm
524 1963 532 2007 ε
547 1952 585 2013 de
598 1963 659 2021 quo
668 1948 848 2007 admiranda
861 1948 993 2022 plurima
1005 1947 1132 2024 plorimi

182 2019 323 2080 historici
342 2019 522 2090 prodidere3
545 2022 627 2079 inter
643 2033 684 2079 ea
704 2020 815 2078 merito
835 2034 982 2079 numeres
999 2021 1133 2091 gladium

182 2091 263 2162 rins,
283 2092 464 2162 stupendam
484 2093 716 2164 proboscidem,
736 2092 907 2165 qmcontra
920 2091 1135 2161 hostemineis

181 2169 264 2221 tatus
276 2170 340 2220 tam
359 2164 616 2233 demereantur,
642 2179 737 2236 quam
752 2179 828 2223 cnse
845 2163 962 2236 optimo
980 2163 1134 2235 peritissi-

181 2236 253 2294 mus
266 2235 394 2307 quisque
406 2237 549 2294 militnm.
573 2239 750 2294 suotamen
768 2236 894 2307 ingenio
910 2235 1052 2305 relictus,
1071 2245 1135 2295 nec

181 2304 360 2376 hominem,
378 2323 436 2366 nec
447 2323 543 2379 pecus
554 2307 639 2364 laedit
657 2323 666 2365 a
684 2307 817 2365 consciae
829 2307 961 2364 lenitatis
972 2307 1084 2377 buius,
1098 2313 1135 2368 ct

183 2390 320 2444 securae,
340 2395 435 2434 omnes
451 2380 547 2454 bastin
563 2379 635 2448 agri
649 2379 749 2438 ludent
760 2379 814 2444 ibi,
832 2378 933 2446 unde,
952 2378 1137 2448 conspectis>

182 2446 256 2503 ieris
269 2447 355 2516 aliis,
374 2450 607 2508 contentissime
625 2451 774 2520 ingerent.
796 2449 934 2506 satanin
952 2457 1062 2504 amoto
1078 2461 1132 2505 cn·

184 2517 271 2584 bini,
282 2528 310 2574 ct
319 2519 349 2574 in
361 2521 429 2576 locis
440 2523 637 2590 humentibus,
653 2523 686 2579 in
696 2521 762 2579 solo
772 2520 894 2578 roscido
902 2527 934 2577 et
943 2518 1132 2580 arundinoso

185 2587 323 2660 quiescit.
351 2592 443 2648 Potus
464 2601 550 2652 tanto
570 2593 694 2667 corpori
711 2592 827 2650 multus
853 2607 862 2648 a
884 2592 938 2649 sed
959 2591 1131 2651 admodum

183 2658 306 2729 lentus,
327 2677 365 2719 ac
376 2663 504 2734 proinde
517 2666 626 2738 perdiu
636 2671 810 2738 protractus
819 2705 829 2733 ‚
839 2662 958 2721 diceres
971 2703 980 2731 ‚
995 2662 1132 2721 exhaus-

183 2739 289 2789 torum
302 2747 408 2792 amnes
426 2751 434 2793 t
454 2752 517 2792 ecce
533 2736 694 2794 absorbebit
710 2736 837 2810 fluuium.
857 2737 937 2792 'l'am
950 2734 1130 2803 robustam,

184 2810 247 2862 tam
263 2802 407 2864 solertem
425 2807 559 2866 belluam
571 2812 654 2866 bens
672 2822 730 2866 ceu
748 2807 884 2880 predam
902 2803 1006 2876 objicit
1027 2804 1131 2864 imbe-

184 2873 248 2934 ciiii
259 2884 289 2933 et
299 2880 413 2947 agresti
425 2880 562 2948 homini,
583 2881 635 2953 qni
648 2880 859 2952 elephantem,
880 2878 912 2936 ia
932 2878 1020 2935 scum
1044 2878 1130 2951 ejus,

184 2947 338 3006 ridentem
356 2964 392 3008 ac
409 2953 592 3011 sentientem
610 2953 711 3024 capit,
728 2951 813 3025 quasi
832 2952 918 3007 bomo
932 2948 1137 3009 levissimum

183 3018 369 3092 pisciculum
381 3023 413 3080 in
428 3024 451 3080 ri
454 3038 526 3094 pam
536 3024 691 3081 educeret
712 3027 821 3082 Nostra
833 3023 926 3081 etiam
939 3029 1026 3079 aetate
1036 3021 1132 3080 exibit

184 3094 392 3154 liottentottus
409 3096 513 3162 rudis,
532 3103 563 3152 et
579 3091 733 3164 elephanti
754 3095 846 3165 longo
864 3091 966 3167 impar
982 3093 1132 3163 ingenioa

185 3171 277 3236 attare
289 3174 378 3224 acuto
397 3166 466 3238 palo
480 3169 511 3223 in
524 3168 609 3224 lovea
623 3167 769 3238 depacto,
787 3168 855 3224 c‘us
875 3168 940 3225 sive
955 3173 1063 3237 pectus
1078 3168 1148 3223 ant'

183 3234 344 3308 iugulum,
361 3238 426 3296 sive·
435 3238 650 3309 proboscidem
661 3238 802 3297 terebrab
813 3246 827 3295 t
840 3253 848 3295 a
862 3239 892 3294 in
904 3238 1020 3294 suoibos
1031 3237 1132 3308 perso-

184 3308 263 3366 robit
277 3325 362 3366 nores
384 3311 454 3382 pus.
479 3313 605 3370 Summa
623 3310 656 3367 id
669 3311 865 3368 accuratione
883 3317 1006 3367 enarrat
1021 3311 1147 3376 Petrus?

183 3379 311 3437 Roibius
323 3380 355 3437 in
378 3383 588 3442 amoeulsslmo
602 3382 759 3439 volumine
777 3382 815 3438 de
830 3380 922 3438 rebus
935 3377 1131 3455 llottentotti-

86 3499 88 3502 ,
184 3449 249 3517 cia,
268 3454 290 3507 E
312 3450 396 3510 itum.
413 3454 514 3512 Germ.
536 3456 568 3508 Ρ.
584 3454 609 3509 1.
625 3468 653 3510 c.
669 3455 713 3509 ad.
733 3452 802 3510 tobi
819 3452 913 3509 verba
929 3466 992 3510 non
1009 3453 1130 3508 tantum

185 3516 224 3580 de
240 3467 378 3589 insidiis,
403 3525 568 3582 sedetiam
585 3525 616 3581 vi
635 3532 739 3596 aperta
760 3521 932 3591 intelligere
953 3522 1047 3586 licet,
1068 3532 1130 3589 qua

186 3585 382 3655 elelibantum
392 3609 553 3661 apmcssus
564 3603 691 3654 venator
701 3592 877 3665 proboscidi
891 3593 999 3652 sudem
1011 3590 1126 3658 inligat.

123 3685 126 3692 =
220 3657 348 3718 Bitian·
374 3665 418 3723 llo
435 3665 652 3723 consceleratis
671 3664 847 3723 hominibus
867 3663 1001 3724 dieitur,
1027 3660 1128 3719 idem-

177 3773 181 3836 l
