2475 4034
489 184 670 263 ''uauu
881 195 899 210 ”’
1010 195 1088 273 aiz

30 349 34 360 ·
138 302 416 385 et'ulphiuuseth,
441 320 575 382 quorum
593 305 645 369 iliu
666 325 674 367 t
694 307 769 369 iltuit
785 306 862 370 euim
877 313 998 386 ungulus
1017 320 1070 374 Dei
1078 333 1094 387 ,t
1117 385 1119 390 Ι

138 388 181 443 uie
198 396 241 441 est
252 386 390 440 Dutaiiius
408 398 487 437 turcus
504 398 566 438 rex.
586 387 611 438 i·
628 387 700 453 neg.
720 395 777 441 xlv
794 403 834 455 ¹7·
854 388 916 444 isle
931 403 1003 446 vcro
1017 405 1026 446 t
1040 391 1092 448 ulca

138 459 215 514 mitte
227 459 267 512 mi
284 473 359 522 rex,
379 454 454 510 sicut
468 457 590 526 angelus
605 457 654 510 Dri
664 472 702 512 es.
725 460 752 513 2.
774 460 847 528 lieg.
869 470 925 514 xix
944 476 987 530 27·

175 531 210 597 lii
231 532 314 584 liuns
328 542 384 598 pru
395 525 521 583 humine
533 527 670 595 vicario,
684 528 840 599 principe,
857 530 968 599 judice.
985 532 1091 603 offeret

139 605 366 669 eumlscrvum
380 601 489 666 suum)
513 600 646 654 dontinus
667 600 810 656 diluit.
836 612 893 657 xxi
914 604 940 656 li.
972 604 1005 660 iu
1021 613 1089 672 est,

139 672 352 744 principibus,
375 671 537 742 judicibus.
567 672 704 727 Dominus
725 673 826 728 uotam
844 675 1036 746 applicabitur
1052 679 1093 732 utl

141 746 218 800 dcet.
239 747 293 799 Ex.
309 753 380 800 xxn
401 745 427 798 8.
453 742 491 799 ad
507 744 655 812 praesides
680 759 687 799 :
709 745 748 800 ad
772 745 889 813 iudices
912 747 1092 804 adducetur:

142 817 316 886 Eodemque
328 829 420 871 sensu
435 829 443 869 τ
459 816 497 869 utl
506 816 572 871 duos
584 816 734 888 utriusque
746 832 837 871 cuusu
847 818 1001 887 perveniet.
1016 818 1092 875 inlu

143 889 170 943 u.
185 907 209 956 9.
225 889 280 942 Diis
294 904 352 941 riou
364 888 494 942 detrultes
508 925 517 953 ‚
531 897 559 943 et
566 888 689 959 principi
700 890 798 959 populi
810 890 852 942 tui
862 906 918 946 uun
929 892 1089 947 maledicet.

141 961 212 1016 inid.
224 976 252 1015 v.
266 961 309 1013 αθ.
324 964 397 1014 Deus
410 960 530 1014 ulturum
541 961 689 1014 Dominus.
705 962 752 1014 Pu.
764 971 839 1015 xurx
854 978 875 1016 ι.
892 964 956 1018 Rex
965 973 1091 1032 regum,

141 1033 240 1088 tridui
253 1030 398 1097 indicum.
420 1034 489 1089 Huc
507 1033 648 1088 revocari
664 1038 783 1102 potest,
804 1033 889 1102 quod
909 1033 951 1089 aii
963 1036 1095 1105 Moysen

139 1105 223 1159 Duus
236 1103 273 1160 dc
286 1106 405 1158 tiamne
418 1102 493 1158 dixit
514 1117 522 1157 ε
538 1106 600 1174 lpse
615 1104 749 1175 loquetur
765 1117 821 1172 pro
838 1112 865 1159 te
881 1105 920 1159 ud
933 1107 1091 1175 pupulum,

106 1194 111 1205 ‘
140 1184 168 1231 et
181 1175 237 1230 erit
248 1190 281 1230 os
298 1183 382 1236 tuum
400 1191 413 1228 .·,
430 1183 464 1229 tu
476 1181 574 1229 autem
586 1176 642 1231 cris
654 1176 682 1230 ei
697 1176 727 1231 iu
739 1176 781 1231 ltit
798 1188 862 1248 quta
874 1177 914 1231 utl
926 1182 1015 1231 Deum
1016 1191 1094 1303 get-

141 1247 257 1316 tineut3
272 1245 433 1312 hebraice,
453 1247 604 1303 ettucris
616 1247 646 1304 ci
659 1261 716 1319 pru
728 1250 800 1304 Deo.
825 1250 878 1303 Ex.
900 1259 934 1304 lv
954 1249 995 1304 ιθ.
1041 1261 1093 1305 tut

138 1319 346 1396 iudeorumfl
358 1315 501 1387 gentium.
516 1320 604 1376 uum.
620 1330 659 1375 111
673 1336 716 1390 ⁹9·
740 1319 806 1375 ilid.
825 1318 858 1375 in
879 1322 952 1377 voc.
975 1319 1090 1378 Oculus.

178 1390 278 1458 illici
287 1391 381 1447 fortes
393 1396 493 1446 terrae.
504 1390 650 1461 Principes
661 1392 833 1462 populorum
842 1393 1018 1465 congregati
1024 1400 1095 1449 sum

141 1477 208 1526 cum
223 1467 282 1517 Deo
299 1463 447 1528 Attalium
464 1477 476 1515 .·
498 1463 642 1534 quonium
654 1464 694 1519 uit
709 1464 800 1534 sortes
814 1473 901 1519 terrie
916 1467 1094 1521 celeranter

140 1534 244 1590 elevati
255 1541 334 1589 suat.
356 1534 406 1589 Ps.
422 1534 564 1600 xuvuuit.
589 1532 756 1603 Hebraice,
768 1536 915 1607 quoniam
928 1536 985 1602 dii,
1006 1544 1094 1594 scuta

141 1605 457 1670 terrae,velicmenter
466 1604 666 1674 elevatuscut.
678 1607 742 1663 Viri
750 1607 898 1678 precipui
909 1613 949 1664 ex
957 1607 1095 1666 hebraici

141 1676 247 1747 pupuli
258 1676 415 1744 tribubus,
432 1677 632 1747 patriarchen,
643 1679 817 1749 prophctae,
835 1678 952 1749 judices
966 1686 1095 1749 etreget

142 1750 250 1820 probi,
266 1763 339 1806 cnm
351 1751 415 1805 lieo
428 1748 862 1818 conjunctissimi,summam
875 1750 1004 1818 gloriam
1018 1764 1095 1808 coa·

142 1821 240 1878 secuti
254 1828 344 1887 sunt,
360 1818 491 1875 humaui
503 1821 705 1890 quidam-ulii,
716 1821 823 1891 'geniis
840 1833 905 1876 suae
920 1820 1036 1892 clypei,
1058 1837 1096 1880 ac

86 1944 90 1950 .
140 1892 239 1964 veluti
250 1892 294 1949 uii
307 1892 467 1961 praestitcs.
490 1891 817 1949 Hebraicumelevutut
830 1900 874 1949 est
886 1894 997 1963 exponi
1007 1906 1096 1950 com·

141 1964 237 2022 mode
248 1971 350 2034 potest
364 1978 420 2033 per
434 1962 735 2033 enallagennumeri
747 1977 803 2034 pro
816 1965 918 2021 clareti
929 1975 998 2020 suut
1007 1982 1018 2019 .·
1027 1979 1096 2023 ven

142 2035 219 2092 hum
231 2036 316 2091 enim
328 2034 493 2103 singularis
502 2034 627 2091 numeri
637 2046 710 2092 cum
719 2035 910 2094 nominativo
920 2036 1048 2106 plurali,
1061 2044 1096 2093 ut
1115 2071 1121 2088 .

142 2108 258 2165 Grecis
271 2114 321 2162 est
330 2105 637 2177 frequentissimum,
656 2106 697 2163 itu
710 2106 848 2164 liebraeiu
860 2108 989 2165 minime
1000 2109 1097 2165 inuui-

143 2186 250 2237 tatum.
275 2178 482 2235 Ductissimus
492 2176 708 2235 Genebrardus
720 2192 778 2248 per
788 2179 1014 2236 nominativum
1026 2179 1097 2249 plu-

143 2250 242 2308 ralem
263 2250 420 2319 dignitatis
445 2250 486 2305 ita
511 2249 643 2320 explicat
663 2265 671 2304 ε
690 2252 772 2306 Deus
798 2253 906 2317 Pater,
929 2249 1045 2317 Filius,
1066 2257 1098 2307 et
1120 2315 1122 2320 .

145 2322 276 2394 Spiritus
296 2325 444 2387 Sanctus,
470 2323 552 2377 Deus
577 2321 766 2378 fortissimus
784 2335 877 2391 super
893 2333 1018 2377 omnem
1037 2329 1099 2378 ter»

144 2409 230 2458 ram,
243 2393 332 2451 valde
341 2392 476 2449 elevatus
490 2402 545 2450 esu
564 2395 666 2450 illinus
681 2394 864 2464 respondet,
877 2393 958 2464 quod
970 2394 1100 2464 sacius,¹
1129 2459 1132 2464 ¹

146 2466 315 2534 nrnobium
330 2473 473 2532 secutus,
494 2463 635 2523 huciuco
655 2464 760 2533 affert,
779 2465 817 2522 de
839 2465 923 2521 falsis
944 2465 1003 2522 diis
1025 2465 1097 2535 agl3

58 2597 62 2604 ,
144 2537 216 2595 idco
231 2537 385 2609 principes
407 2537 594 2608 populorum
616 2551 632 2593 a
652 2549 727 2594 vero
746 2536 1098 2595 Abrairae=1>euvocatus
1133 2549 1136 2552 ’

145 2626 216 2668 esse
226 2652 235 2678 ,
245 2618 279 2664 ut
292 2609 506 2665 retunderetur
520 2625 554 2665 su
558 2608 663 2678 peruia
679 2609 872 2678 daemonum,
885 2610 1098 2667 auctoritatem

147 2682 281 2740 divinam
300 2691 363 2739 totu
380 2689 534 2736 terrarum
552 2680 628 2737 urbe
647 2680 704 2737 sibi
721 2682 941 2751 arrogantium.
970 2684 1045 2738 Nam
1064 2688 1099 2737 ut

149 2754 306 2823 ingeniosa
330 2753 391 2809 sint
415 2761 540 2815 caetera,
561 2768 620 2823 qua
644 2753 761 2810 ratione
782 2763 867 2809 scuta
886 2764 974 2809 terrie
994 2752 1098 2811 vocati

149 2835 240 2892 sunt,
260 2840 332 2881 cum
345 2826 449 2881 omniu
463 2824 641 2880 vulneribus
657 2832 687 2880 et
700 2825 851 2893 stragibus
864 2825 1040 2895 impleant?

183 2900 217 2965 iii
235 2900 317 2953 Deus
331 2897 422 2965 huius
439 2895 544 2952 seculi.
561 2896 724 2973 ¹Superbus
741 2897 881 2962 Lucifer,
905 2897 958 2966 qui
978 2896 1014 2952 ab
1030 2896 1102 2966 ipsu
1151 2937 1167 2978 t

148 2969 280 3027 Domino
298 2970 442 3038 peinceps
463 2968 555 3037 hujus
577 2968 687 3022 mundi
703 2976 750 3023 est
770 2978 985 3038 nuncupatus,
1007 2969 1095 3024 loun.

151 3053 195 3098 xn
215 3042 269 3109 δι,
293 3052 349 3096 xiv
368 3041 424 3107 50,
448 3047 479 3096 et
497 3051 610 3095 livill.
641 3043 714 3097 Deus
737 3040 822 3110 liujus
841 3040 928 3094 seculi
947 3037 1099 3093 encucuuit

147 3122 256 3169 tueutes
266 3112 432 3184 infidelium.»
451 3114 476 3167 2.
492 3113 560 3168 Gor.
577 3123 612 3168 tv
625 3113 652 3175 i.

185 3186 221 3251 7)
242 3185 292 3241 Dii
313 3197 369 3255 pra
383 3196 447 3239 unu
471 3191 615 3250 tuntum,
642 3182 697 3239 sed
718 3181 797 3238 laiso
816 3181 884 3237 deu.
908 3177 1042 3249 Pupulus
1062 3178 1101 3235 ad

152 3260 302 3314 Aaronem
320 3273 327 3312 :
347 3260 461 3325 Surge,
478 3257 527 3327 luc
539 3256 715 3321 ualituros,
735 3252 1028 3334 qttluosproecetluut.
1043 3251 1097 3306 iix.

150 3339 242 3386 xxm
258 3347 280 3385 1.
302 3332 338 3384 Et
350 3330 419 3385 lusu
431 3327 528 3384 vitulo
544 3343 553 3385 t
574 3329 609 3383 lli
620 3335 690 3383 cunt
702 3326 742 3381 clii
758 3326 801 3381 tui
813 3324 912 3380 lsrael.
935 3322 1010 3378 ihrd.
1026 3329 1054 3378 v.
1070 3323 1097 3385 l.

149 3401 250 3473 Deum
272 3409 459 3457 venerantur
476 3399 515 3455 ad
535 3400 664 3457 mudum
686 3397 913 3470 nupturam,
934 3396 1024 3465 Apim
1048 3401 1101 3450 uut

154 3473 291 3542 serapim
311 3472 398 3530 bovis
425 3473 527 3542 specie
554 3470 758 3527 adorantium.
786 3467 901 3524 Pluraii
922 3475 1026 3523 autem
1043 3479 1101 3522 nu·

151 3557 255 3611 meru,
269 3544 424 3613 dignitatis
436 3558 529 3600 causa
539 3584 548 3610 ,
560 3542 713 3614 appellunt
724 3542 841 3597 Eloulm.
856 3538 1025 3595 inhonoris
1035 3540 1101 3594 lieu

152 3627 226 3672 veru
241 3630 297 3685 per
308 3630 417 3673 amnes
435 3615 664 3686 scripturarum
677 3612 744 3681 eius
757 3614 883 3684 paginas
896 3610 1046 3695 habetur,
1066 3614 1102 3664 ut

154 3685 265 3753 plurali
279 3700 411 3743 numeru
423 3689 532 3742 Eloutm
547 3694 578 3742 et
591 3685 702 3741 Adonei
711 3680 916 3753 nuncupetur.
935 3685 984 3739 Sic
993 3681 1101 3760 pytho-

155 3757 281 3815 nissaiu
295 3758 416 3825 Endon,
436 3763 601 3820 conspecta
618 3754 771 3813 samuelis
784 3755 914 3819 umbra,
929 3753 1098 3812 exclamat,
