2475 4034
187 63 251 165 ἦς’
448 52 673 139 Cauraorus.
723 73 881 141 Cmsms.

186 190 336 252 canduisse
353 192 477 246 Patrem
497 185 643 244 Divinum
661 187 798 243 advenas
817 187 957 246 christan
976 203 1068 249 sunm
1082 192 1136 250 ai.

185 264 288 322 lium?
308 262 393 333 atqui
406 261 451 317 sic
470 259 561 316 habet
573 257 874 343 veritasuhclsraica,
897 275 960 318 nou
979 264 1083 335 utique
1096 266 1135 321 de

185 335 318 466 ῧοωίἆιε
330 336 394 391 Deo
406 363 418 402 ,·
436 330 492 390 sed
503 331 542 388 de
553 329 681 388 homine
692 330 811 402 impio,
832 346 905 402 rege
917 334 1024 403 iudae,
1045 336 1135 394 intel*

155 423 161 441 ⁹
228 421 267 463 en
291 423 316 463 a·
597 449 600 453 1
617 449 620 456 ⁴
1128 439 1130 444 “

209 422 615 549 81)1111111111111111111111.
634 471 782 532 Molestus
794 473 883 533 iocus
903 483 951 534 est
961 476 995 533 iu
1012 477 1136 536 cantico
1222 491 1226 495 ’

185 551 355 615 nauscae,
382 561 476 619 quam
493 546 653 613 sublimi,
677 553 742 603 tam
766 546 910 605 obscuro.
940 551 1082 618 Egressus
1107 567 1136 607 es

186 625 218 679 iu
235 623 358 680 salntem
373 619 470 693 popuii
489 619 557 685 teti,
578 618 616 675 in
636 618 760 673 satutem
775 636 843 677 cum
861 620 1045 678 assistatur.
1066 626 1136 677 Par-

187 694 302 752 cussisti
312 702 398 765 caput
411 693 446 748 de
458 690 542 748 domo
551 689 653 760 impiis
670 689 824 749 denudasti
836 692 1059 761 fundamentum
1073 693 1136 764 eius

188 766 452 839 mqaeadcoitam.
473 763 549 819 11111.
569 762 669 819 utri.
691 762 763 830 Quis
779 764 834 822 ille
851 763 1015 821 christus?
1038 765 1136 823 sede-

186 838 275 906 cias,
294 837 437 907 inquiunt
453 854 463 903 ;
480 847 592 893 verum
610 849 650 892 an
668 833 721 892 ille
737 836 768 892 in
786 836 939 896 satutem?
961 836 1014 908 qui
1031 839 1137 897 omnia

186 909 419 982 pessumdedit,
442 921 480 965 ac
496 907 613 965 evertit.
638 907 660 963 C
682 922 761 976 rus;
786 916 817 967 at
834 923 897 968 non
917 915 965 965 est
979 923 1134 977 egressus.

187 982 311 1039 Rectius
328 995 402 1050 ergo
420 980 458 1036 de
475 979 558 1040 exitu
574 922 699 1038 lsraefis
716 993 756 1037 ex
773 985 899 1051 AEgypto
912 980 1044 1051 accipies
1064 995 1072 1037 :
1098 982 1137 1039 de

187 1068 249 1125 quo
267 1061 298 1110 et
314 1051 541 1124 praecedentia,
564 1058 596 1107 et
612 1065 722 1108 versus
740 1053 781 1110 15.
803 1052 1064 1123 christusitaoue
1077 1052 1137 1111 hoo

187 1124 256 1183 ioco
269 1124 317 1181 vul
330 1132 377 1181 est
388 1127 509 1195 Moyses
523 1162 532 1189 ,
553 1122 782 1193 spiritu-divino
795 1123 909 1183 imatus
921 1144 930 1190 ;
948 1124 997 1181 vel
1011 1127 1112 1181 aaran
1125 1165 1136 1191 ,

187 1198 241 1269 qui
262 1196 373 1257 deinde
393 1193 530 1265 pontifex
551 1207 624 1252 vere
647 1203 760 1253 unctus
780 1206 836 1254 est.
860 1197 961 1267 ,Caput
982 1196 1020 1254 de
1045 1197 1137 1255 domo

187 1267 276 1340 impii
295 1268 414 1324 Pharao
426 1267 495 1336 ipsa
511 1272 581 1331 est,
603 1274 660 1322 aut
672 1266 753 1324 silius
765 1269 950 1339 ejusprimo
965 1268 1037 1325 ioco
1049 1269 1137 1337 geni·

186 1346 245 1396 tus.
271 1341 348 1396 Tota
369 1337 480 1394 domus
500 1336 541 1395 ad
565 1336 803 1395 fundamentum
826 1341 925 1410 usque
946 1340 1046 1396 diruta
1069 1348 1137 1397 tum

99 1413 105 1424 '
185 1417 255 1476 est,
276 1422 350 1466 cum
371 1416 470 1464 totum
488 1407 658 1474 Pharaonis
676 1412 846 1466 exercitum
864 1411 991 1481 pelagus
1010 1412 1136 1480 hausit,

185 1494 260 1537 nam
283 1494 371 1552 usque
391 1479 431 1533 ad
454 1479 560 1533 cottum
579 1479 715 1545 Hebraeis
737 1489 784 1537 est
808 1481 964 1549 omnino,
988 1483 1134 1551 penitus,

186 1550 333 1612 funditus,
351 1551 410 1619 oui
429 1549 589 1607 sedeciam
601 1553 655 1606 aut
671 1551 785 1622 cyrum
792 1550 934 1620 eligunt,
954 1553 1137 1610 1111111111-
1233 1555 1234 1562 ’

134 1621 143 1632 “
186 1624 236 1681 nis
259 1623 364 1681 locum
389 1620 576 1680 substituunt
595 1621 953 1689 nabuchodonosorem,
976 1639 1049 1679 cum
1072 1632 1137 1681 tota

170 1695 304 1758 ‚familia
317 1693 466 1752 excisum.
486 1693 546 1749 sed
561 1706 673 1769 vereor
688 1734 697 1761 ,
719 1708 761 1750 ne
778 1694 897 1751 ideam
910 1694 1023 1764 injurie
1035 1694 1137 1751 Nabu—
1234 1737 1235 1740 ,

187 1766 411 1825 chodonosoris
423 1764 557 1831 faciam,
578 1773 671 1834 quem
682 1765 813 1838 impium
826 1766 1001 1823 nonausim
1013 1765 1134 1833 dicere,
1234 1767 1235 1824 1

188 1838 431 1911 postquamejus
444 1829 655 1908 penitentiam
663 1836 1136 1905 1111111ιί11111111ῑί11111,1111
1182 1836 1198 1852 “

188 1910 273 1972 enim
285 1910 397 1967 deinde
409 1908 513 1981 lapsus
525 1907 619 1964 ullius
632 1909 703 1966 novi
719 1910 929 1966 meminerunt
945 1924 954 1967 t
973 1909 1140 1981 utoptima·
1156 1929 1160 1938 ¹

189 1995 259 2053 spes
273 1980 379 2042 salutis
398 1981 491 2038 etiam
506 1981 634 2037 aeternae
647 1980 686 2037 de
697 1980 751 2039 illo
766 1981 856 2038 nobis
871 1981 978 2040 relicta
998 1980 1062 2050 sit,
1081 1995 1140 2038 ne«

189 2054 264 2111 dum
280 2060 315 2110 111
331 2059 539 2123 cognomento
554 2050 643 2122 impii
661 2052 812 2112 memorie
831 2053 901 2124 ejus
923 2054 1033 2111 debeat
1049 2065 1139 2111 com·

188 2124 347 2186 maculari
371 2124 544 2194 atlegorice
555 2123 658 2181 facilia
671 2126 774 2182 omnia
793 2142 804 2184 s
825 2126 999 2197 impiusest
1017 2128 1138 2193 satans

189 2205 282 2270 caput
292 2193 326 2260 in
341 2197 408 2268 eius
420 2197 535 2263 domo,
557 2196 764 2255 Antichristus
779 2214 788 2262 3
809 2198 944 2256 christus
959 2239 969 2268 ,
989 2212 1063 2255 cum
1075 2210 1138 2269 quo

188 2272 271 2328 licus
283 2270 315 2328 in
332 2269 462 2340 salutem
474 2267 580 2338 populi
599 2268 647 2324 sui
667 2269 844 2338 egreditur,
864 2270 1015 2328 Dominus
1031 2271 1135 2327 iesus.

223 2341 433 2400 cusantiam.
460 2341 661 2414 Chytrdpades.
683 2341 753 2400 111.
776 2349 814 2397 xt
840 2342 923 2400 ana
945 2339 1139 2399 nominativo

190 2426 290 2483 graeco
302 2415 479 2484 1111111111,
500 2410 571 2488 ,oiim
590 2427 644 2482 pes
662 2412 728 2477 sire
745 2410 1000 2477 sustentaculum.

224 2483 331 2544 Clitus..
354 2484 473 2540 Omnem
494 2485 790 2540 escammaadacaiit
805 2494 925 2554 uerter,
948 2490 978 2539 et
996 2493 1041 2539 est
1058 2483 1147 2540 cibas

190 2555 253 2612 eido
272 2555 383 2618 nudor.
408 2558 513 2610 Fames
532 2557 709 2625 contingunt
727 2557 821 2613 cibum
838 2558 908 2626 serie
928 2559 1079 2624 (carnem
1095 2555 1142 2611 ie·

95 2621 105 2646 '¹
189 2625 313 2694 finam)
327 2636 356 2683 et
374 2641 426 2683 cor
440 2637 589 2686 1111111111
600 2630 688 2684 aeria
699 2628 859 2684 mendacia.
877 2625 969 2684 Ecoli-
990 2635 1092 2684 xxxvl
1104 2643 1141 2681 so

191 2712 236 2770 sq.
253 2697 428 2756 Similitudo
445 2699 671 2769 per-ingeniosa.
696 2701 732 2757 [it
745 2714 864 2770 corpus
879 2699 958 2756 eino
976 2697 1137 2769 pascitur,

191 2769 236 2828 sic
249 2769 369 2832 animus
381 2770 566 2839 cognitione.
586 2772 854 2840 Quemadmodum
868 2785 943 2830 vero
955 2771 1044 2828 cibus
1057 2767 1138 2827 alim

110 2869 121 2890 ·
189 2849 238 2907 est
259 2841 319 2904 alio
333 2842 465 2910 melior,
485 2843 610 2914 quidam
627 2844 720 2902 etiam
735 2845 846 2902 noxius
865 2859 875 2900 e
897 2842 938 2899 ita
958 2843 991 2908 iu
1004 2854 1140 2911 cognos·

191 2914 290 2973 cando
302 2912 361 2971 alia
377 2922 448 2976 sunt
461 2915 529 2975 aliis
541 2916 665 2974 utiliora
679 2958 689 2984 ,
705 2918 849 2987 quaedam
860 2915 956 2973 etiam
966 2914 1137 2982 damnosa,
1235 2967 1237 2972 ,

190 3001 264 3044 cum
282 2984 398 3046 salsitas
419 2986 475 3043 suh
493 2987 596 3058 specie
612 2989 748 3046 veritatis
770 2989 898 3058 obrepit.
925 2987 1052 3057 Sapiens
1073 2986 1142 3044 ani·
1235 2997 1236 3022 ³

190 3073 284 3127 mus,
310 3057 375 3116 sive
394 3074 446 3116 cor
462 3069 612 3115 sensatum
631 3063 640 3129 (
658 3060 700 3117 ita
714 3062 828 3119 habam
846 3062 914 3117 fons
931 3074 1077 3130 gemeus,
1109 3064 1141 3114 et
1235 3087 1236 3090 =

85 3171 91 3186 .
191 3130 284 3188 latina
308 3132 497 3202 exemplaria
522 3132 713 3199 emendatas
741 3145 830 3201 uon,
861 3140 895 3189 ut
912 3130 1038 3202 quidam
1056 3129 1166 3188 male
1235 3173 1236 3176 ,

191 3201 296 3273 legunt
312 3245 320 3270 ,
341 3203 547 3270 insensatam]
569 3201 716 3262 discernit
733 3220 749 3260 a
766 3218 839 3261 vero
857 3202 1077 3271 mendacium,
1100 3201 1140 3274 ii·
1235 3255 1236 3264 ,

191 3273 306 3345 ludque
319 3276 417 3344 rejicit
431 3292 439 3332 z
452 3275 532 3333 sicut
543 3274 680 3345 palatum
693 3290 805 3334 sanum
820 3289 857 3333 ac
869 3274 980 3332 subtile
999 3289 1074 3332 mox
1084 3274 1140 3332 de·
1235 3317 1237 3346 ,

191 3346 355 3474 1111111ἆ111
372 3348 503 3406 ferinam
515 3348 599 3417 iusto
619 3348 831 3418 asperiorem,
855 3361 892 3403 ac
911 3346 1138 3417 digestionipa·

193 3431 457 3545 watinensium&
468 3490 536 3546 dicit
549 3490 688 3548 Dominus
700 3494 774 3545 Deus
786 3506 799 3544 .-
812 3491 902 3559 Aufer
913 3490 1053 3554 cidarim,
1073 3489 1139 3544 toiie
1235 3473 1236 3478 ¹

193 3566 350 3612 coronam:
363 3576 458 3615 nonne
468 3564 528 3618 tac
539 3571 599 3630 est,
619 3575 683 3634 qaoe
693 3561 827 3624 itoudirm
839 3562 1014 3626 1111111111,
1028 3569 1056 3614 et
1068 3560 1137 3613 stm-
1235 3567 1236 3570 ’

194 3621 287 3678 imam
301 3628 461 3688 transilierit
474 3633 488 3688 i
507 3634 716 3706 iniquitatem,
735 3633 917 3706 iniquitatem
930 3631 1144 3704 „iniquitatem-
