2475 4034
219 113 287 186 aba·
529 107 643 173 Mons.
692 102 846 171 Moesus.

214 232 251 289 ub
270 227 418 286 itineribus
436 221 609 280 eternitatis
627 220 701 289 ejnr.
728 218 804 275 Eub.
822 228 862 275 ιιι
881 219 907 273 6.
932 218 978 275 nd
996 219 1163 283 adventum

214 303 322 360 artemi
332 299 389 355 liei
402 309 523 353 summa
542 291 681 362 gentium
694 290 816 361 capita,
834 298 866 345 et
881 290 921 347 iis
940 292 1163 365 proximisqu-

215 382 335 437 mates‚
360 368 497 440 uendere
514 362 686 434 maiestatis
708 361 848 434 oppressi
870 368 941 417 sunt
959 370 990 419 et
1009 365 1141 423 contriti.

250 446 305 511 lb)
325 438 492 498 comedere
513 437 548 493 in
566 434 730 492 montibus.
759 436 798 489 la.
823 434 991 489 subrubet
1016 436 1056 490 ιι.
1078 436 1162 495 cinis

214 516 299 574 vesci
317 509 486 570 immolatis
508 506 700 564 simulacre:
723 504 805 576 quod
826 505 859 560 in
878 505 1038 562 montibus
1059 507 1160 566 debas

216 587 300 645 llude
318 583 407 641 toties
425 583 459 637 in
474 577 591 638 Divinis
610 575 709 634 Libris
729 578 912 633 damnantur
923 579 1046 634 excelsu.

216 679 219 683 ·
250 661 355 714 Mons.
379 652 569 711 Describitur
579 649 700 721 poetice
715 650 820 714 Deus,
844 647 881 704 ab
896 649 1163 720 australlregisae

214 729 248 786 in
260 725 491 785 Chananitidem
502 735 577 780 sues
590 722 726 787 ducem,
743 727 777 776 ut
787 733 857 775 eam
869 718 1053 780 debellatam
1061 723 1163 782 eleeto

216 814 309 870 asep
374 797 404 854 lo
422 795 531 853 tradat
554 795 628 850 Ante
638 793 744 862 facien
761 791 822 861 ejus
842 791 894 847 ibit
913 806 992 848 mors
1011 811 1022 848 .-
1040 803 1068 850 ιι
1080 811 1163 866 egre-

192 899 198 910 π
215 871 310 928 dictur
351 869 452 925 abelus
465 866 626 936 antepedes
643 864 713 933 eius.
736 863 812 920 liuh.
825 872 864 918 ιιι
876 864 901 918 5.
923 866 1056 922 venuste
1065 868 1164 923 Geor-

216 945 284 1013 gius
303 945 457 1006 nesems,
475 934 878 995 incanticaotiiciicanon.
894 934 934 992 ad
945 936 1161 1005 huuclocum,
1186 984 1190 991 .

216 1028 334 1073 ebruna
346 1027 421 1071 exv.
435 1010 631 1081 precedente
649 1014 806 1077 repetens,
821 1005 863 1063 ait
881 1022 888 1062 ε
902 1011 977 1064 Deus
989 1025 1044 1079 pro
1056 1011 1162 1065 Juuloeis

214 1101 348 1158 pugnum
364 1084 482 1139 immisit
497 1081 649 1137 Diabolum
666 1094 702 1135 uc
716 1083 853 1147 Mortem,
868 1080 950 1149 quusi
961 1081 1019 1136 due
1030 1096 1161 1148 cornua,

216 1160 318 1231 quibus
328 1172 376 1213 eus
395 1156 618 1224 (Chananeus)
636 1152 795 1222 prostrauit
807 1159 835 1209 et
846 1151 957 1207 occidit.
972 1153 1081 1209 Emisit
1090 1162 1163 1210 ante

217 1245 252 1287 se
272 1230 347 1286 duos
372 1227 495 1298 justitie
523 1239 587 1283 suae
610 1223 784 1290 ministres,
811 1222 867 1291 qni
885 1223 1019 1280 nefarios
1044 1224 1162 1281 incolas

217 1295 666 1370 dignesupqlicioexcrnciatos
681 1302 835 1350 necarem.
851 1295 1000 1351 Hebraico
1012 1309 1070 1364 pru
1082 1312 1161 1351 naurs

215 1379 264 1428 est
273 1372 360 1442 pestis
369 1388 381 1435 ;
398 1377 429 1425 et
441 1383 497 1439 pru
508 1368 654 1432 diabolus,
669 1381 765 1435 pruna
782 1381 792 1418 :
810 1378 942 1435 querum
952 1366 1029 1423 illud
1042 1368 1170 1437 spacia·

216 1442 272 1500 lim
281 1442 397 1497 indicat
409 1454 506 1507 genus
524 1437 633 1495 mortis
647 1479 655 1504 ,
669 1438 752 1493 istud
764 1435 919 1504 eleganter
932 1438 1093 1495 inimicum
1104 1455 1161 1497 eu-

215 1511 320 1584 primit
333 1510 437 1569 emnia
450 1510 658 1567 devorantem.
677 1507 863 1577 ansgerius,
884 1510 1077 1567 antechristi
1091 1526 1161 1568 eur-

217 1596 287 1640 rum
298 1580 516 1652 triumphalem
528 1581 608 1637 victa
623 1582 708 1635 mers
727 1588 758 1635 et
774 1586 859 1634 satan
871 1581 987 1651 fractus
1001 1582 1157 1639 incedunt.

247 1657 345 1712 Mons
363 1653 542 1723 impierum.
557 1652 624 1707 vid.
638 1652 671 1706 iu
684 1653 758 1707 voc.
772 1654 925 1709 Punctum.

248 1730 392 1785 Monada.
408 1727 473 1782 Vox
484 1723 604 1781 Messiae
625 1739 632 1778 :
652 1726 710 1777 Euo
721 1738 800 1777 mum
814 1731 883 1791 tua,
902 1740 1011 1779 omors
1024 1741 1034 1778 .·
1045 1738 1160 1780 morsus

216 1806 283 1854 tuus
295 1812 365 1866 ero,
381 1797 502 1868 inferne.
525 1798 578 1852 os.
590 1805 652 1850 ιιιιι
672 1796 715 1858 ιιι.
737 1794 825 1862 Quod
844 1795 956 1853 Paulus
977 1797 1019 1852 ita
1039 1797 1160 1863 reddit3

215 1873 358 1941 merula
369 1878 413 1925 est
428 1883 507 1924 mers
519 1869 549 1924 ιιι
560 1867 683 1925 victoria
693 1870 707 1921 ‚⁰
718 1867 764 1923 ubi
775 1876 835 1933 est,
848 1883 943 1933 mors,
956 1869 1080 1924 uictoria
1090 1873 1163 1931 tuni>

219 1942 266 1997 ιιιι
282 1951 325 1998 cst
333 1981 344 2011 ,
365 1957 464 2008 mors,
478 1940 611 1997 stimulus
625 1949 692 1995 tuus
706 1941 720 1993 P
732 1938 758 1995 1.
774 1939 841 1995 Gur.
858 1951 901 1997 xv
913 1943 947 2004 bd
961 1956 1005 2011 sq.
1020 1948 1051 1997 et
1061 1942 1161 1997 addit:

216 2015 350 2069 stimulus
369 2023 470 2069 auten
490 2014 593 2069 mortis
609 2019 759 2085 peccatum
777 2020 828 2067 cst.
843 2027 877 2067 u.
896 2015 939 2067 56.
963 2015 1045 2081 Ego,
1062 2012 1162 2082 inquit

217 2085 311 2143 Oseas
338 2085 459 2143 Messiae
479 2086 631 2151 nemine,
656 2082 764 2140 delebo
786 2091 936 2152 mertem,
964 2091 996 2140 et
1017 2085 1159 2154 sepulcra

217 2158 321 2215 omnia
334 2157 499 2227 aduncam
518 2171 554 2214 ae
569 2157 727 2221 auferam,
750 2155 824 2211 dum
838 2156 975 2226 primum
998 2156 1065 2225 ipse
1085 2171 1160 2221 unc,

218 2228 350 2301 denique
373 2229 515 2287 homines
535 2241 646 2285 omnes
669 2241 687 2282 e
705 2225 825 2283 tumulo
841 2227 993 2285 excitabo.
1015 2227 1163 2285 Paulinus

218 2299 341 2358 dicendi
360 2301 471 2367 modus
491 2299 542 2356 hic
554 2307 601 2357 est
622 2315 629 2354 :
649 2301 708 2353 Per
720 2297 832 2357 Christi
847 2299 1006 2356 victoriam
1020 2299 1164 2369 absorpta

218 2378 265 2427 est
281 2384 375 2427 mors.
397 2370 570 2435 vincebas,
590 2382 609 2426 o
627 2382 711 2425 murs
723 2409 732 2433 ,
745 2368 894 2425 hactenus
915 2388 923 2434 ;
946 2369 1001 2424 sed
1014 2370 1165 2428 ubinunc

217 2449 270 2497 tua
282 2438 429 2507 victoria,
443 2454 515 2497 cum
528 2447 685 2508 perempta
699 2439 742 2493 sis
757 2440 821 2508 ipsa
835 2438 850 2491 ?
862 2439 1043 2494 Incitabaris
1057 2442 1096 2496 ad
1109 2457 1167 2500 no-

217 2510 349 2567 cendam
362 2517 488 2579 peceato
500 2509 594 2566 veluti
607 2509 732 2565 stimulo
752 2525 760 2564 r
780 2508 834 2563 scd
852 2510 905 2565 ubi
924 2523 1007 2565 nune
1028 2509 1081 2566 ille
1104 2515 1163 2568 sti-

217 2579 336 2648 mulus,
353 2593 425 2637 cum
437 2580 575 2637 Christus
594 2587 756 2650 peccatum
767 2579 934 2648 deleverit,
954 2588 1045 2652 teque
1068 2583 1166 2642 simul

216 2652 451 2722 inperpetuum
473 2651 655 2709 abstulerit?
679 2651 782 2720 Pergit
795 2654 909 2717 oseas,
931 2655 993 2724 jam
1015 2664 1078 2711 nou
1101 2658 1166 2713 Do-

216 2722 314 2790 mini,
336 2722 393 2781 sed
405 2737 461 2782 sue
477 2722 574 2795 ipsius
591 2722 744 2780 nemine-z
766 2724 930 2780 Consolatio
942 2726 1166 2784 abscondituma

218 2798 254 2851 ab
267 2796 435 2851 ocullsmet's
454 2813 465 2852 τ
484 2795 553 2868 quia
569 2796 646 2869 ipse,
668 2793 807 2851 infernus
828 2810 884 2852 seu
903 2796 1061 2864 tumulus,
1087 2801 1165 2855 inter

218 2866 327 2938 lintres
349 2867 461 2925 diuidet.
491 2870 557 2925 Nou
590 2865 714 2924 invenio
735 2867 906 2937 solatium,
930 2883 1003 2926 eum
1017 2868 1162 2938 intueor,

218 2939 353 3008 grassari
379 2952 599 3013 usquequaque
628 2946 794 3006 mortem,
824 2947 856 2995 et
892 2941 1162 3010 conjunctissimos

219 3025 357 3083 quosque
365 3011 510 3070 dividere.
525 3010 680 3069 sedliniet
692 3009 857 3081 aliquando
869 3012 997 3070 Messias
1007 3014 1068 3070 hec
1079 3027 1164 3070 mor-

218 3083 257 3138 tis
281 3083 465 3154 imperium,
488 3098 562 3143 cum
580 3083 704 3139 adducet
724 3092 854 3139 urentem
870 3094 988 3141 neutum
1001 3085 1162 3151 Dumium,

112 3210 115 3215 .
219 3155 308 3211 Pater
323 3154 475 3223 celestis,
491 3156 525 3211 de
537 3156 649 3212 deserto
661 3156 868 3212 ascendentem.
882 3157 1164 3225 Significaturddes-

219 3226 279 3283 sias
301 3240 339 3282 ex
363 3226 542 3293 Bethlehem
560 3227 715 3294 oriturus,
742 3242 829 3299 quaa,
854 3227 933 3285 sicut
950 3229 1055 3285 iudaea
1078 3237 1162 3293 totu,

219 3305 360 3368 respectu
373 3298 497 3369 reliquae
509 3302 614 3355 Terrae
628 3301 746 3355 Sanctae
760 3300 798 3356 ad
808 3302 954 3357 Austrum
968 3300 1025 3357 sita
1033 3308 1094 3366 est,
1110 3302 1164 3357 ubi

218 3367 347 3426 desertis
361 3368 515 3427 montibus
536 3360 698 3427 Palaestina
718 3370 880 3428 clauditur.
907 3371 1096 3441 Allegorium
1113 3371 1165 3427 in-

219 3438 337 3508 signem
350 3452 512 3511 pertexeus
524 3444 639 3507 oseas,
657 3452 684 3498 et
694 3442 812 3499 siccabit
825 3482 833 3505 ,
850 3443 968 3514 inquit,
981 3459 1068 3498 neruus
1080 3444 1161 3513 ejus,

218 3519 247 3563 et
257 3511 394 3569 desolabit
411 3514 522 3583 fontem
534 3514 607 3585 ejus.
629 3516 665 3569 Ut
681 3522 790 3571 ventus
805 3516 963 3581 australis,
978 3514 1117 3580 calidus,
1132 3525 1165 3572 et

116 3621 120 3631 .
218 3594 327 3647 sarens,
345 3583 438 3640 simul
446 3600 539 3641 venus
552 3586 610 3642 sub
624 3594 706 3644 terra
717 3586 868 3652 exsiccat,
887 3594 919 3644 et
930 3588 1045 3643 lentem
1057 3588 1164 3656 ipsum

220 3642 343 3711 areiaeit
362 3668 369 3713 a
387 3654 430 3713 ita
441 3657 579 3717 Gbristus
595 3665 627 3716 et
638 3665 764 3732 peccata
776 3656 878 3728 tollet,
899 3674 966 3729 quse
985 3672 1071 3715 veum
1089 3666 1164 3714 sunt
