2475 4034
156 191 249 287 ‘376
394 188 581 256 Serimon.
631 173 912 253 Surrntnrarross

175 318 208 367 et
224 304 407 366 nominatim
420 302 665 377 superextolletur
678 315 765 373 super
778 299 917 357 Libanum
929 293 1131 371 buettnej'us.

177 385 226 439 Ps.
241 391 317 436 txxt
335 380 375 433 16.
392 376 536 433 hebraice
556 391 565 431 1
586 373 764 440 fluctuabit,
780 373 962 442 trepidabit,
983 372 1064 429 sicut
1081 374 1133 427 lii·

176 455 285 511 banus.
307 449 402 506 Sicuti
415 455 506 506 vento
523 449 658 516 agitante
675 446 708 501 in
727 445 844 516 Libano
865 443 1062 501 densissimae
1079 459 1135 500 ce*-

178 525 305 582 drorum
333 519 425 593 sgivae
449 524 684 576 commoventur
706 525 739 572 et
763 515 909 584 sibilant,
941 516 983 571 ita
1009 523 1133 587 segetes

176 594 397 667 copiosissima
409 591 440 646 in
457 590 570 648 eodem
585 597 616 644 et
631 589 699 645 aliis
717 589 884 644 montibus.
948 615 952 622 =
1122 603 1127 612 ⁴

213 670 386 726 Stenarum
411 664 518 734 Riguus
530 671 641 717 anantes
655 661 689 717 uie
704 659 899 732 superioribus
912 658 980 715 suit.
996 659 1052 718 ‹Pe-
1070 667 1136 716 cll!

180 740 221 795 15.
242 742 324 795 Deus
338 733 580 792 exalto-montes
595 747 666 791 rore
680 745 716 790 ac
728 731 839 802 pluviis
852 731 968 802 irrigat.
983 731 988 740 '
1068 755 1072 764 =
1093 791 1095 796 s
1121 751 1125 764 ·

213 813 485 869 Surnantuvuane.
507 806 620 863 Contra
639 819 709 872 eos,
734 803 787 875 qui
804 803 983 860 Jerusalem
996 814 1131 871 novam,
1166 845 1169 852 ,

176 882 288 941 Christi
302 880 484 946 ecclesiam,
499 892 554 948 per
567 877 714 948 injuriam
725 875 899 933 infestaturi
912 882 984 931 sunt
997 890 1005 931 1
1020 879 1135 931 Ponam

176 955 335 1012 Jerusalem
353 950 575 1022 superliminare
595 950 722 1021 crapulae
742 948 873 1003 omnibus
891 947 1001 1019 populis
1021 946 1052 1003 in
1071 949 1135 1006 eir·

177 1021 286 1083 cuitu}
305 1024 355 1081 sed
375 1033 402 1079 et
426 1023 503 1079 luda
527 1023 583 1078 erit
608 1022 638 1077 in
665 1019 808 1077 obsidione
832 1029 937 1076 contra
959 1020 1130 1076 lmusnientt

177 1099 269 1156 zach.
285 1108 333 1154 1111
347 1113 372 1151 a.
394 1097 509 1152 omnes
522 1089 648 1164 popuii,
668 1101 698 1151 et
710 1090 860 1149 interhos
870 1092 965 1148 etiam
977 1091 1093 1168 tudaei,
1104 1091 1138 1152 11

176 1185 292 1229 novam
301 1170 383 1225 lianc
395 1167 450 1223 liei
462 1166 618 1223 civitatem
632 1166 792 1225 incursare
808 1163 979 1231 voluerint,
1004 1163 1049 1220 ita
1070 1164 1135 1222 im·

176 1243 319 1315 pingent,
339 1249 371 1296 et
382 1237 499 1310 repulsi
512 1245 678 1304 corruent,
696 1244 731 1292 ut
743 1236 841 1303 ebrii,
862 1235 918 1308 qui
935 1249 991 1307 per
1008 1242 1136 1308 portam

176 1313 328 1383 irrupturi
340 1312 420 1367 elato
431 1310 532 1380 capite
545 1310 715 1366 offendunt
805 1311 811 1320 '
916 1338 919 1344 ·

95 1401 98 1406 ’
214 1389 419 1441 surnnrnno.
438 1384 585 1438 Precatus
598 1384 699 1437 Deum
711 1381 812 1437 luerat
824 1378 1135 1440 siracidesadlldem

177 1457 289 1527 Capitis
300 1467 385 1522 xxti,
399 1454 443 1510 nti
458 1467 492 1510 se
502 1461 609 1511 contra
622 1454 734 1522 linguae
747 1452 819 1509 vitia
834 1467 890 1509 sen
902 1451 1024 1523 lapsum
1032 1450 1135 1508 labin-

177 1542 248 1586 rum
262 1525 470 1599 praemuniret.
494 1527 598 1594 Pergit
616 1524 700 1580 idem
720 1536 830 1593 rogare
848 1524 988 1595 sequenti
1005 1524 1133 1593 Capite,

178 1601 284 1656 dicens
304 1614 312 1655 :
333 1603 375 1654 lte
389 1596 568 1669 restinguas
580 1611 627 1651 nte
643 1597 673 1651 in
695 1597 815 1652 consilio
835 1611 953 1663 eorum,
975 1594 1133 1656 labiorum

177 1685 320 1729 meorum
341 1686 349 1727 ε
368 1686 420 1725 nec
444 1669 522 1725 sinos
544 1681 590 1724 rne
613 1669 716 1724 cadem
740 1669 769 1723 in
791 1668 871 1736 illis,·
892 1681 932 1724 ne
950 1666 1133 1733 effundam,

179 1743 328 1815 quidquid
352 1742 383 1798 in
405 1741 539 1800 buccam
557 1741 677 1797 venerit
696 1755 703 1796 :
724 1754 763 1797 ne
788 1738 944 1796 labiorum
966 1747 999 1796 et
1018 1738 1134 1808 linguae

178 1815 306 1872 libidine
319 1814 441 1884 potins,
464 1827 556 1884 quam
570 1813 709 1884 ratione,
732 1811 765 1868 in
785 1811 940 1883 loquendo
958 1825 1040 1880 agar.
1064 1813 1134 1882 Quis

173 1897 351 1974 superponet
364 1887 393 1941 in
407 1886 540 1958 cogitatu
552 1900 615 1940 meo
628 1883 764 1958 flagella,
789 1893 817 1940 et
836 1883 865 1938 in
888 1883 973 1939 corda
989 1886 1135 1941 111111111-

172 1970 292 2016 trinam·
302 1958 473 2032 sapientiai
492 1957 560 2029 quis
573 1958 672 2014 menti
687 1970 765 2013 meoe
780 1955 938 2027 imprimet
949 1963 1134 2028 perpetuam

172 2030 365 2094 anemoriam
376 2029 590 2100 flagellorum,
608 2029 720 2100 quibus
739 2041 865 2085 omnem
878 2027 1007 2099 culpam
1015 2028 1109 2098 punis
1122 2030 1135 2081 :³

173 2103 249 2176 ¹«puis
265 2104 353 2160 cordi
372 2116 444 2160 meo
464 2102 620 2172 sapientias
635 2099 831 2171 disciplinam
843 2099 949 2170 infiget
959 2101 973 2154 i
985 2103 1053 2155 lmo
1064 2099 1135 2172 quis
1220 2165 1221 2168 Ἴ

178 2174 257 2232 mihi
270 2176 340 2244 det,
361 2185 393 2231 ut
408 2173 641 2247 ignorationibus
655 2188 757 2228 eorum
773 2188 832 2228 non
851 2180 977 2244 purcant
994 2171 1066 2227 milti
1074 2212 1083 2239 ,
1106 2184 1136 2229 et
1220 2189 1221 2246 ᾗ

178 2261 238 2304 non
250 2257 411 2322 appareant
424 2248 529 2302 delicta
540 2261 660 2311 eorum,
680 2254 709 2300 et
727 2244 1134 2313 neadinereseanrignoruw
1220 2249 1221 2312 i

179 2320 227 2375 tie
242 2322 334 2376 meu?
352 2318 445 2377 Cocli.
462 2329 545 2376 xxtlt
565 2336 576 2371 1
598 2325 630 2384 et
643 2331 708 2387 sqq.
729 2315 799 2387 quis
815 2316 892 2373 mihi
905 2316 974 2384 det,
987 2316 1067 2372 utin
1080 2332 1136 2373 su-
1220 2321 1221 2384 ζ

178 2390 249 2448 bitis
260 2404 370 2449 eorum
390 2390 582 2458 (labiorum)
605 2388 763 2446 erroribus
786 2402 849 2446 non
871 2388 953 2444 sinas
966 2400 1019 2443 mo
1031 2388 1136 2459 impu

177 2463 296 2530 11111111,
313 2476 372 2517 nec
389 2460 508 2530 flagella
522 2469 574 2517 tna
587 2460 664 2514 milri
678 2462 832 2530 parcantt
851 2460 897 2517 sic
910 2458 994 2515 enim
1007 2459 1080 2528 liet,
1099 2469 1138 2516 ut

179 2535 274 2603 siqua
288 2533 438 2588 labiorum
455 2532 564 2588 delicta
577 2531 654 2587 milii
667 2529 875 2600 obrepserint,
887 2544 942 2601 per
954 2545 1062 2602 poenas
1075 2532 1136 2588 has

132 2607 137 2615 “
177 2614 246 2661 tuas
261 2604 380 2674 expiata
394 2603 583 2670 deleantur,
594 2617 696 2673 neque
716 2601 863 2674 deinceps
880 2602 940 2660 alia
953 2617 1034 2661 nova
1046 2610 1135 2661 vete-

178 2675 264 2733 ribus
277 2682 468 2732 accrescant
1125 2691 1131 2706 ’

215 2750 585 2805 Snrnnsnnsrnurtntts.
602 2750 710 2803 Panem
721 2755 856 2803 nostrum
868 2748 1135 2819 supersubstantia:

178 2823 233 2876 lem
254 2821 302 2891 (in
322 2819 442 2890 syriaco
464 2820 548 2877 fonte
570 2828 635 2888 ost,
655 2819 832 2888 indigentiae
845 2821 976 2887 nostrat)
1000 2821 1134 2876 danobis

177 2893 266 2949 lindie.
286 2892 391 2948 Matlb.
407 2903 442 2949 xl
458 2912 498 2945 11.
522 2897 631 2948 Panem
643 2894 989 2965 nostrumguott'dianum
1001 2893 1040 2948 tia
1051 2894 1135 2947 nobis

178 2966 267 3022 ltouie.
293 2967 365 3021 Luc.
381 2965 457 3021 1115.
478 2968 519 3020 Ea
536 2973 640 3035 petere
652 2978 709 3021 nos
726 2962 878 3022 Dominus
894 2964 998 3036 jnbet,
1020 2963 1134 3035 quibus

179 3035 446 3166 pddsubstantiam
470 3038 627 3108 vitamque
650 3043 789 3094 nostram
813 3037 967 3094 tuendam
992 3037 1135 3107 quotidie

177 3124 209 3164 111
233 3123 363 3178 vgemus.
1126 3125 1131 3140 ¹

214 3183 430 3240 surnnvtuto.
449 3182 524 3239 Post
534 3181 777 3239 demonstratam
790 3179 1017 3239 vitaehumanae
1030 3180 1136 3238 brevi-

177 3260 272 3311 tatem
285 3267 321 3310 ac
333 3252 510 3320 miseriam,
529 3254 570 3309 ait
580 3252 693 3323 psaltes
715 3267 728 3308 1·
743 3254 910 3323 Supervenit
922 3254 1132 3320 mansuetudo,

178 3332 206 3380 et
219 3325 417 3394 corripiemur.
438 3325 458 3380 i.
474 3340 499 3380 e.
521 3326 724 3391 erudiemur,
743 3332 778 3380 ut
798 3333 960 3396 exponunt
981 3333 1054 3381 tit-x.
1079 3329 1131 3380 Ps.

81 3399 84 3407 '
176 3406 297 3453 nxxxlx
314 3414 354 3452 ιο.
374 3398 409 3451 l).
424 3398 631 3468 Hieronymus
645 3397 735 3452 vertit
755 3411 769 3453 t·
782 3397 988 3454 transivimus
1000 3396 1084 3464 cito,
1101 3405 1136 3453 et

178 3467 376 3524 avolavimus.
399 3470 480 3523 Dum
498 3476 561 3524 11111
578 3469 641 3525 cito
658 3468 848 3536 transimus,
869 3476 901 3525 et
920 3467 1051 3539 praecisa
1069 3469 1135 3525 vita

177 3537 237 3594 hac
250 3538 407 3595 avolamus
428 3555 436 3595 :
458 3538 522 3598 sola
535 3539 624 3597 nobis
641 3547 693 3595 tua
711 3539 928 3598 misericordia
941 3539 1055 3597 solatio
1067 3548 1132 3609 est,

181 3610 440 3675 qnaenoserudit.
604 3629 607 3636 *

212 3679 473 3738 snrrnanrnrto.
498 3687 587 3739 Homo
597 3684 677 3753 pacis
691 3696 782 3753 mea,
795 3683 962 3742 familiaris
976 3698 1086 3751 mens,
1100 3685 1135 3739 tn

178 3758 234 3813 quo
245 3752 358 3817 sperari
366 3791 375 3821 ,
396 3754 446 3823 qui
463 3753 563 3811 edebat
578 3772 668 3827 panes
684 3769 778 3828 meos,
798 3769 915 3816 mensae
933 3765 1013 3815 mete
1033 3756 1135 3845 parli-
