2475 4034
405 144 576 212 Hammo.
627 146 818 216 Hrssorus.
1019 157 1092 246 '197

140 269 272 318 cansam
282 255 347 316 suis
359 257 498 317 humeris
508 257 647 318 sustinet
663 262 769 321 Patres
782 260 814 319 id
822 260 940 335 passim
949 264 1095 328 decruco

141 345 160 390 a
175 329 295 387 christo
311 329 444 401 bajulata
456 331 705 402 interpretantur.

180 402 215 469 2)
231 401 358 472 aperire
369 401 544 459 humerum.
562 406 633 460 Ecce
641 419 695 476 ego
707 402 838 474 apertam
850 406 1004 463 homerum
1015 411 1096 468 Moab

142 474 179 530 clo
197 473 360 531 deitatibus
374 502 391 515 -
402 502 419 516 -
434 502 451 517 ·
462 502 479 516 -
494 475 559 543 filiis
577 475 704 532 Orientis
723 490 790 532 cum
808 477 873 546 {iliis
890 480 1022 535 Ammon.
1045 483 1094 541 Er.

142 556 209 619 xxv
217 564 233 614 p
241 559 285 615 sq.
298 543 442 617 Aperiam
451 546 544 602 urbes
552 554 671 622 vestras
681 546 822 604 hostibus
831 548 943 608 restris
951 548 1098 609 adorien-

141 623 207 673 tem
218 616 400 685 degentibus
410 623 441 673 et
449 617 643 676 ammonitis.
662 617 750 676 Sicut
762 617 874 687 homo,
896 622 1096 691 quantumvis

142 686 310 756 robustus,
329 687 445 744 diffisso
463 688 596 746 humero
606 704 701 747 usum
714 689 832 746 brachii
845 692 976 761 amittit,
994 706 1096 764 neque

142 758 208 830 iam
223 759 373 843 repellere
393 759 514 817 hostem
532 767 634 831 potest
656 775 664 818 a
684 761 724 816 ita
738 762 980 832 propugnaculis
995 766 1098 836 regio-

59 842 65 853 ·
116 858 119 865 ·
143 840 221 889 num
236 831 365 899 dirutis,
385 829 630 901 irrumpentibus
650 832 789 890 hostibus
803 835 908 892 omnia
927 842 1039 905 patent

183 902 222 969 i)
244 904 383 960 ilumero
399 910 474 957 uno.
498 904 634 959 Serrium
650 903 697 970 ei,
719 903 874 971 Domino,
891 907 1010 964 humero
1028 922 1093 965 ono.

145 973 239 1043 soph.
261 982 343 1045 1119.
361 972 675 1056 bunsensu,>iunctis
694 974 819 1033 viribus.
841 986 928 1045 Lxx,
947 976 1004 1035 suh
1023 979 1096 1049 jugo

144 1057 217 1102 uno.
238 1045 325 1116 Legis
340 1044 458 1103 Divinae
471 1054 578 1114 rugum
590 1046 688 1105 tenor
699 1046 864 1118 iucundius
876 1055 908 1105 et
919 1048 1056 1116 facilius,
1069 1046 1096 1106 si

144 1124 230 1173 totus
247 1116 380 1189 populus
399 1114 438 1173 ad
457 1115 492 1172 id
512 1117 670 1190 conspiret
694 1133 703 1176 z
725 1126 760 1178 ut
781 1118 977 1192 cumplures
997 1133 1096 1178 uuum

145 1200 226 1245 onus
239 1196 369 1256 gestant.
400 1236 404 1243 .
1087 1204 1090 1207 ·

183 1260 217 1327 bl
238 1263 318 1318 Dare
336 1260 503 1318 humerum
521 1259 728 1319 recedentem.
751 1262 777 1317 i.
797 1260 884 1320 lisdr.
906 1269 996 1332 rxap.
1018 1254 1094 1320 Ter2

144 1343 219 1402 gum
234 1333 414 1400 obvertere,
439 1331 619 1400 discedere,
641 1333 845 1405 contemptim
858 1347 891 1390 se
905 1342 1052 1392 avertere.

180 1404 335 1463 {dommo-
359 1405 515 1474 Frequens
534 1412 582 1460 est
600 1403 760 1473 flebraeis,
783 1403 1017 1473 humiliarem,
1037 1416 1096 1476 pro

144 1486 271 1531 servare
291 1475 466 1546 ieiunium,
499 1475 653 1535 abstinere
674 1491 691 1533 a
717 1475 804 1533 cibis.
829 1478 905 1534 Ante
925 1477 1097 1547 languorem

143 1546 317 1604 timidiora.
340 1545 434 1604 dccli.
454 1551 537 1604 irvur
557 1563 600 1603 ar,
623 1560 722 1618 grace
735 1547 877 1616 additur,
903 1561 959 1619 per
975 1556 1095 1616 tempe·

144 1617 308 1686 ranliam3
338 1613 391 1689 qui
412 1617 497 1674 enim
525 1618 628 1676 sobrie
646 1618 742 1686 vivit,
769 1618 817 1676 vel
839 1619 947 1677 avertit
966 1618 1096 1677 omnino

144 1689 313 1759 morbum,
338 1688 388 1747 rol
405 1696 490 1746 oeric
506 1689 639 1746 multum
655 1689 737 1746 levat
754 1696 786 1745 et
801 1686 924 1746 minuit

181 1762 330 1819 nummis.
352 1761 414 1817 Noli
428 1776 488 1816 esse
505 1761 638 1827 homilis,
655 1760 677 1816 i.
692 1774 719 1817 e.
739 1760 849 1831 abjecti
863 1757 981 1825 animi,
1004 1759 1033 1814 in
1045 1772 1097 1814 so-

143 1830 255 1902 pientlo
273 1841 333 1888 rua
356 1831 448 1890 Eccli.
469 1841 530 1888 nur
554 1850 595 1889 ιι.
613 1831 681 1888 Noli
699 1826 804 1888 animo
820 1830 940 1901 jacente
956 1835 987 1886 et
1005 1830 1094 1899 igno·

144 1901 201 1961 bili
211 1901 327 1972 aliquid
339 1902 487 1974 sapientia
500 1911 552 1963 tua
565 1903 728 1971 iudignum
740 1914 842 1969 agere.
1089 1900 1093 1915 '

186 1974 225 2043 il
245 1976 306 2033 lios
324 1972 626 2035 humilemeiiiciens
642 1971 830 2046 crystallum.
852 1967 931 2030 uida
948 1968 1022 2030 voc
1042 1972 1098 2050 ⁸¹0?

59 2034 69 2061 ‘
146 2043 268 2102 olicino.'

181 2119 404 2176 nracrnrnus.
429 2117 491 2173 Per
507 2112 737 2186 hyacinthum,
763 2120 816 2171 aut
837 2111 1094 2186 hyacinthinum,

145 2187 259 2247 coloris
281 2204 320 2247 ex
337 2199 494 2262 purpureo
516 2185 643 2267 cerulei
663 2185 728 2244 sire
748 2183 839 2254 telae,
866 2183 932 2244 sire
949 2183 1097 2253 iliaiudi·
1147 2210 1151 2215 ·

145 2267 266 2319 cantur.
873 2274 875 2277 ·

182 2332 317 2391 Rimul.
337 2332 443 2390 Graece
455 2326 567 2400 legitur
578 2328 672 2389 decli.
689 2335 752 2388 xm
772 2342 814 2385 aa.
838 2322 1096 2413 ooopoo'byonoe

145 2416 214 2461 cum
231 2418 328 2473 cone,
358 2413 389 2460 et
406 2415 470 2476 quo
483 2416 544 2472 poa
563 2402 644 2461 olivio
664 2417 731 2458 com
749 2412 876 2472 poemen
893 2402 909 2456 i
929 2402 981 2458 sic
998 2402 1095 2455 euam
1149 2406 1152 2417 ’

146 2468 409 2547 Syriaca'hahent.
434 2473 578 2532 librariis
591 2473 779 2531 vocabulum
791 2476 898 2545 meno
912 2466 1097 2552 minuserat

143 2554 256 2606 motum
274 2547 425 2615 fortasse,
444 2552 479 2602 ut
494 2547 656 2603 crederent
671 2560 741 2602 esse
756 2545 865 2600 homiru
882 2559 890 2600 :
906 2552 1000 2615 atque
1013 2539 1096 2597 istud

143 2617 236 2676 nobis
259 2616 473 2690 reliquerunt,
498 2617 540 2674 iia
557 2631 596 2676 ex
612 2617 718 2675 Grotiu
736 2623 842 2674 monet
859 2613 1013 2685 interpres
1030 2624 1097 2668 ma·

147 2687 202 2760 gui
212 2688 318 2760 ludicii
335 2687 469 2759 Baptista
481 2688 665 2748 flamelaeus.
691 2690 806 2760 liyaena
821 2686 935 2745 animal
951 2696 990 2741 ex
1001 2682 1097 2752 lupo-

146 2772 366 2831 rumperem,
382 2759 431 2817 rel
442 2760 472 2818 ei
485 2762 592 2829 adine,
613 2758 675 2817 nisi
686 2760 768 2885 (grad
780 2759 881 2829 major
894 2763 925 2813 et
937 2753 1097 2814 crudelior

148 2829 223 2904 lupo
234 2840 288 2889 est.
309 2831 441 2889 cambus
452 2831 686 2891 infestissimam
721 2843 842 2901 paenam
854 2842 945 2893 esse,
966 2822 1099 2907 ePlinio

148 2910 276 2961 constat
291 2906 328 2960 lit
339 2903 399 2962 ista
411 2916 523 2974 canes,
541 2903 761 2975 ita-pauperem
774 2901 861 2957 dives
872 2897 1008 2955 devorat.
1023 2893 1094 2950 vid.

148 2974 268 3033 invoc.
288 2975 385 3035 conis.
462 3002 468 3011 ·
515 3030 519 3037 ,
552 3002 558 3015 ·
597 3006 600 3013 ·
1090 3006 1093 3013 .

184 3049 362 3104 litssol’iis.
388 3046 508 3112 Herba,
532 3056 600 3117 qum
615 3040 768 3114 egreditur
785 3035 952 3120 deperiete
977 3034 1005 3090 3.
1021 3034 1096 3101 Reg.

149 3125 185 3175 tv
200 3118 246 3175 io.
267 3114 408 3181 Adhibita
421 3124 476 3177 est·
486 3117 524 3187 ad
540 3111 742 3174 avertendum
760 3114 1033 3167 exterminatorem
1045 3117 1100 3173 ge-

148 3188 237 3248 nium
250 3189 284 3246 in
296 3192 424 3262 AEgypto
436 3191 514 3257 ,En
528 3190 622 3255 xnus
638 3203 646 3250 ;
664 3184 702 3241 ad
718 3182 836 3252 lepram
852 3175 1098 3247 expurgandam,

148 3261 219 3319 hev.
241 3270 298 3318 xiv
311 3263 328 3313 6
342 3279 351 3327 ;
372 3261 453 3318 etad
472 3258 659 3319 sacrificium
670 3268 773 3313 vaccae
786 3249 865 3309 rurae
881 3260 938 3319 pro
951 3252 1098 3318 peccato,

149 3332 238 3389 Num.
265 3343 323 3389 xix
345 3334 372 3388 6.
400 3333 468 3387 Huc
489 3329 658 3402 respiciens
679 3324 775 3383 David
791 3363 800 3391 ‚
815 3326 939 3406 ‚rogata
960 3320 1100 3386 Asoerges

152 3403 313 3471 (futurum
325 3417 382 3474 pro
399 3401 599 3472 imperativo,
613 3411 702 3455 more
717 3395 865 3452 hebraico
880 3392 890 3460 i
910 3405 957 3446 me
967 3391 1097 3472 hyssopo.

149 3476 200 3530 Pr.
216 3473 431 3558 cpa'luipse,
450 3476 583 3538 olicus,
606 3467 790 3528 ascelerum
802 3475 948 3522 meorum
961 3466 1100 3532 restrgns

150 3558 313 3617 meexpra.
