2475 4034
386 183 586 252 Desonrroo.
635 183 814 253 Dnsrano.
853 248 857 259 ,
1015 208 1082 280 ¹²9

145 299 355 357 -nssscnxbm
379 301 411 353 In
428 305 580 373 conspecta
601 298 663 369 ejas
683 299 787 355 cadent
805 313 926 366 amites,
952 302 1001 375 qai
1017 303 1082 357 des-

133 373 260 427 cendant
276 372 305 424 in
317 380 446 438 tmam3
462 368 629 436 hebraice,
649 369 686 425 in*
701 370 870 442 pulverem.
891 374 941 428 Ps.
963 384 1019 429 xxi
1035 375 1078 429 3ο.

134 446 212 513 Eum
227 442 355 498 adorant
372 441 517 498 mortales
536 455 655 499 omnes.
718 442 721 447 ⁴

170 517 365 570 Duscntxsxo.
399 513 516 568 Grando
535 513 680 568 antemio
698 514 890 569 descensiones
914 515 1028 582 scitus,
1053 525 1082 572 et

134 585 297 642 bumilitate
323 585 522 639 humiliabitur
550 584 660 640 civitas.
686 587 725 641 is.
754 596 844 640 xxxix
867 604 908 654 19.
929 589 962 641 in
986 588 1085 658 Syna·'

108 695 110 699 ψ
135 671 220 727 gogee
239 656 352 733 saltum
372 657 488 723 grando
505 656 671 713 descendet
689 696 697 721 ‚
725 656 850 713 arbores
867 656 933 727 eius
947 656 1081 717 laesura:

132 736 165 784 et
184 727 291 784 civitas
307 770 315 796 ‚
339 742 407 799 (tuae
422 728 542 784 Messiae
558 727 742 798 obsequium
760 735 791 783 et
807 729 1017 785 obedientiam
1030 729 1082 787 de·

136 799 298 865 tremant,
320 813 419 869 usque
443 799 482 855 ad
503 798 712 857 conditionem
732 799 871 856 infimam
890 807 921 856 et
944 800 1082 858 humilii-

137 884 221 927 mam
244 870 442 941 deprimetur.

171 944 365 1008 Dusnurmr,
377 951 553 1005 onsnuaus.
568 941 726 997 Laetabitur
735 941 848 997 deserta
857 950 939 998 terra
949 951 979 1003 et
988 944 1081 1014 invia,

118 1020 193 1071 ‚eto
215 1016 254 1069 is.
270 1026 356 1071 xxxv
372 1033 394 1068 1.
414 1015 513 1070 Locus
532 1012 584 1069 ille
603 1020 707 1080 totus,
731 1012 841 1069 solatio
863 1013 1080 1085 pienissimus,

137 1084 482 1160 donassentelecclesia
502 1085 726 1153 gentionem,
746 1099 838 1156 quam
861 1085 998 1142 Christus
1020 1087 1082 1145 coi-

137 1156 229 1225 tegit,
251 1164 281 1211 et
294 1157 490 1213 foecundavit.
688 1224 689 1227 Ἴ
810 1164 813 1167 ’

75 1260 78 1264 1
172 1230 210 1296 2)
226 1230 388 1283 Desertum
401 1228 506 1284 maris.
519 1227 728 1285 „onas-dosera·
741 1227 841 1284 maris.
854 1231 899 1284 ds.
915 1238 972 1284 xxx
988 1244 1010 1285 r.
1024 1231 1082 1286 Va·

136 1298 278 1355 ticinium
297 1300 334 1355 de
345 1300 471 1358 interitu
488 1298 652 1371 Babylonis
664 1317 674 1367 ,ι
695 1315 762 1371 quae
774 1315 858 1356 nuuc
876 1301 974 1358 instar
985 1301 1082 1357 maris

137 1370 206 1436 cst,
228 1372 451 1428 confluentibus
475 1385 512 1427 eo
535 1371 654 1442 populis
676 1372 843 1439 omnibus;
864 1372 968 1428 futura
984 1372 1081 1443 paulo
1136 1380 1144 1397 ·

136 1451 206 1513 post
224 1442 312 1498 iocus
332 1444 489 1510 desertus,
513 1455 675 1500 cumeum
694 1447 795 1501 Persae
809 1460 845 1501 ac
863 1444 944 1500 Medi
964 1452 1082 1515 everte-
1139 1496 1147 1511 ,

136 1514 205 1571 rint
234 1516 353 1570 florum
375 1516 525 1573 exercitus
550 1516 584 1577 de
607 1517 719 1572 deserto
739 1517 815 1572 venit
840 1516 938 1586 (ibid.
964 1517 973 1584 i
1000 1516 1083 1588 quod

136 1584 310 1642 Cbaldaeam
328 1587 429 1653 iuter,
453 1588 634 1643 etbiediam
658 1604 694 1644 ac
717 1589 854 1644 Persiam
875 1589 967 1645 situm
989 1596 1043 1644 est.

171 1657 224 1724 3).
240 1659 402 1714 Desertum
428 1657 610 1727 [ausoniorum
633 1661 781 1714 Adducam
805 1676 854 1716 vos
883 1661 913 1713 io
937 1661 1083 1713 desertam

135 1729 330 1800 populorum,
350 1728 536 1794 inlocum,
558 1730 609 1785 ubi
625 1745 687 1786 non
707 1739 778 1787 sunt
797 1731 902 1800 popuii
926 1745 933 1785 z
960 1739 988 1784 et
999 1730 1083 1798 jadi-

137 1801 225 1855 cabor
239 1801 383 1857 vobiscum
400 1800 439 1855 iot
450 1802 525 1870 socie
541 1802 719 1873 adfaciem,
740 1801 823 1858 solus
837 1816 909 1858 cum
928 1792 1000 1857 solis
1023 1801 1082 1857 dis-

138 1871 276 1941 ceptabo.
295 1876 343 1928 Ea.
362 1883 404 1928 xx
416 1873 461 1926 55.
632 1878 634 1883 ·

171 1945 208 2010 ti.)
224 1945 353 2000 Deserta
363 1943 547 2003 seculorum.
569 1942 601 2000 Si
612 1944 786 2000 beneficum
799 1949 830 2000 et
845 1942 1082 2000 misericordem

139 2013 207 2070 aliis
221 2021 250 2070 ie
262 2015 429 2085 praebueris
443 2059 452 2084 ,
466 2015 685 2083 aedificabantur
695 2017 725 2070 in
736 2025 763 2070 te
778 2019 786 2084 (
803 2016 823 2071 i.
837 2030 894 2086 per
906 2017 952 2083 te)
967 2017 1082 2071 deserta

137 2088 308 2142 secutorum.
328 2089 470 2151 ls.'1,v111
491 2103 532 2142 12.
549 2101 616 2156 quae
630 2103 647 2142 a
663 2084 768 2143 seculo
781 2087 901 2144 deserta
920 2094 1029 2157 erant,
1050 2094 1084 2141 tu

133 2157 324 2227 aedificabis,
347 2167 381 2215 ut
398 2158 512 2215 clarius
532 2157 644 2214 dicitur
660 2154 776 2214 1s.'Lx1
793 2160 821 2222 ri.
840 2158 1024 2215 contextum
1038 2165 1084 2214 io·

137 2238 203 2285 tum
223 2229 317 2287 habes
336 2228 368 2285 in
381 2233 452 2287 voc.
477 2229 654 2298 AEdificatar.
946 2236 949 2241 ’

172 2303 436 2358 Dusxonuxmms.
454 2302 559 2358 Tottoa
570 2309 614 2369 te,
629 2300 730 2372 inquit
741 2301 780 2358 ad
788 2298 978 2357 Ezechielem
985 2299 1083 2365 Deus,

137 2373 322 2429 desiderabile
333 2375 483 2429 ocaiortan
500 2379 618 2428 tuorum
637 2375 666 2428 io
680 2375 779 2444 plaga.
800 2375 848 2429 Ea.
868 2382 946 2428 xxiv
962 2372 1003 2426 ιθ.
1026 2371 1097 2427 Ca·-

134 2454 205 2511 ‚ra‘m
218 2458 346 2501 uxorem
362 2452 446 2502 tuam
459 2454 559 2502 morte
577 2446 738 2515 repentina
755 2444 838 2507 tollo.
860 2448 895 2500 Et
911 2452 1030 2499 namtas
1042 2450 1085 2498 est

140 2531 215 2570 auor
236 2530 301 2572 oreo
316 2532 436 2589 vespere.
463 2517 535 2577 ibid.
557 2534 585 2574 v.
608 2518 649 2573 18.
678 2517 729 2573 Sic
744 2516 872 2584 tollam,
900 2516 941 2572 ait
957 2528 1084 2571 rursum

136 2587 287 2645 Dominus
301 2629 309 2654 ‚
323 2588 483 2658 ¹quidquid
494 2603 603 2645 carum
625 2589 712 2645 vobis
724 2597 791 2657 est,
815 2588 999 2644 desiderabile
1009 2596 1085 2643 oca·

138 2661 235 2786 iolram
248 2669 434 2726 aestrorum,
454 2659 526 2716 ibib.
541 2675 569 2717 v.
587 2677 630 2715 21.
645 2660 777 2728 liberos,
798 2661 963 2732 imperium
980 2700 989 2729 ,
1009 2667 1085 2716 tem·

139 2745 236 2802 pum.

173 2804 387 2861 Dnslbzmttm.
413 2806 451 2860 Ne
462 2805 562 2859 tradas
575 2820 620 2859 me
637 2805 756 2860 Domine
768 2820 787 2859 a
800 2803 938 2859 desiderio
950 2815 1012 2856 meo
1023 2814 1085 2870 pec·

138 2875 241 2930 catari
257 2876 312 2931 ”Psi
328 2884 449 2932 cxxxix
471 2895 496 2944 9.
522 2876 672 2932 Hebraico
695 2885 742 2932 est
762 2891 769 2932 τ
789 2878 832 2932 Ne
854 2876 907 2931 des
930 2870 1085 2928 desideria
1176 2918 1180 2927 .

129 2945 235 3016 impii.
260 2948 318 3007 Res
341 2949 449 3007 eodem
471 2956 589 3017 spectat
608 2963 616 3002 z
635 2956 776 3017 precatur
798 2945 947 3002 nimirum
962 2942 1083 3025 David,

128 3031 178 3087 ,nc
190 3020 273 3074 Deus
288 3018 412 3075 evenire
425 3018 522 3086 sinat,
544 3019 625 3089 quod
640 3017 852 3090 iniquissimus
865 3015 962 3072 hostis
977 3026 1086 3082 cupre·

138 3088 190 3144 bat
205 3108 214 3155 ;
234 3105 296 3145 neu
311 3105 367 3157 se,
392 3098 499 3146 contra
513 3089 700 3146 desiderium
715 3102 823 3153 suum,
843 3084 890 3142 illi
907 3084 1015 3141 tradat.

127 3170 132 3177 ·
175 3162 440 3219 Dnsouxno'nws.
460 3160 532 3228 Quis
551 3161 609 3219 erit
622 3163 742 3218 fructus
756 3160 868 3226 linguae
882 3155 1022 3213 dolosae?
1034 3154 1087 3206 Sa·

138 3231 223 3303 gitteo
230 3235 353 3304 potentis
367 3233 423 3290 Dei
436 3233 566 3289 vindicis
579 3242 691 3300 acutae,
710 3240 776 3288 caba
791 3227 963 3285 carbonibus
975 3222 1088 3278 desolo-

78 3369 87 3383 !
142 3304 246 3372 tortis,
265 3304 464 3363 'vehementer
482 3305 653 3365 urentibus.
678 3308 727 3360 Ps.
749 3301 868 3362 cxxxi·
888 3298 924 3352 111
943 3293 1087 3352 hebraico

140 3374 285 3445 leguntur
304 3377 454 3434 carbones
471 3375 684 3446 juniperorum
697 3390 752 3432 seu
768 3371 959 3442 genistarum
974 3407 984 3451 ξ
1013 3380 1088 3435 qua-

140 3461 211 3503 rum
226 3448 399 3519 praesertim
413 3446 587 3514 radicibus,
613 3449 641 3504 si
658 3453 854 3509 crementur,
877 3439 962 3499 calor
975 3451 1087 3506 iugens

141 3531 178 3575 ac
193 3519 354 3576 diuturnus
375 3520 463 3578 inest.
478 3519 545 3575 vid.
560 3519 593 3575 iu
606 3522 679 3576 voc.
696 3519 799 3575 carbo.
816 3516 841 3570 8.
873 3522 874 3527 ’

178 3592 344 3648 Dissentio.
366 3591 544 3647 Descracisti
555 3606 620 3646 eam
636 3588 804 3659 (populum
815 3595 903 3643 tuum
916 3585 924 3653 i
939 3585 975 3639 ab
990 3596 1089 3665 maran-

141 3660 266 3723 datione.
292 3665 341 3718 Ps.
368 3670 519 3720 nxxxvtxr
537 3663 582 3726 45.
614 3660 763 3717 Hebraico
787 3666 861 3724 est,
886 3663 921 3712 ut
941 3660 1031 3712 vertit
1051 3653 1104 3728 D.-

142 3732 348 3806 Hieronymus
369 3748 376 3789 ε
398 3734 561 3803 Quiesoere
582 3730 682 3791 iecisti
699 3728 882 3790 munditiam
900 3726 976 3849 eiius.
1002 3718 1090 3789 Quod
