2475 4034
374 65 384 84 ’
434 84 572 148 Brevis.
622 81 810 150 Bormum.
1025 107 1068 194 75

145 196 293 262 fiduciam
315 196 348 254 iu
366 195 494 254 homine
509 196 645 253 locatam
663 196 781 265 babet,
807 195 936 269 eiusque
951 203 1095 271 praestitio

145 273 186 329 ita
201 272 330 336 nititur,
353 276 387 324 ut
400 283 417 324 a
435 270 500 325 Deo
512 269 646 326 recedat
1081 315 1084 322 .

98 395 105 404 ,
181 343 219 410 bl
240 345 301 398 Pro
322 340 456 411 potentia
482 339 601 396 Divina.
627 343 710 396 Deus
736 339 882 397 Hebraeos
906 353 946 397 ex
968 344 1096 414 AEgypto

145 413 251 470 eduxit
267 414 298 468 io
316 413 432 469 tractae
451 412 571 467 eacelso.
592 414 659 467 Act.
673 421 735 490 xttt
752 430 792 481 ¹7·
809 412 921 481 idest,
940 411 1096 474 lucutenta

136 484 302 559 *autentim
324 485 407 540 inter
425 482 605 542 admiranda·
618 483 767 554 prodigia.
1087 543 1089 548 ,

181 558 218 624 4)
237 559 297 616 Pro
314 569 402 613 armo
418 555 560 611 victimae.
582 559 738 627 propurga
755 565 782 611 te
797 570 864 611 cum
881 555 1016 615 traceio.
1038 559 1096 616 Ee·

145 625 197 685 cli.
213 639 259 685 vlt
273 629 316 684 35.
332 629 408 688 Vitae
421 635 481 683 ture
493 626 632 684 maculas
647 628 797 684 sacrificio
809 626 921 699 expia,
941 635 973 686 et
991 643 1096 688 armos

146 699 243 768 oller,
271 700 534 771 quemadmodum
546 698 616 767 lege
629 700 781 756 sancitum
796 706 852 755 est
873 703 944 755 Ecce
961 716 1016 772 ego
1025 717 1096 770 nro-

146 771 244 842 iieiam
255 773 332 828 vobis
343 771 512 838 traebiam,
527 779 559 834 et
571 771 737 842 dispergam
748 772 957 840 submonitum
968 782 1095 834 oestrum

143 852 256 904 stercus
276 843 493 901 solemnitatum
510 852 698 911 aestrorum,
723 852 752 899 et
770 853 897 900 assumet
918 859 967 900 vos
988 860 1093 901 secum.

145 915 215 972 Mal.
236 914 302 972 113.
322 917 438 982 Armus
457 916 563 972 dexter
576 929 600 984 ,e
620 912 796 982 sacrificio,
817 915 878 971 nisi
894 914 927 971 id
939 925 1022 973 esset
1039 917 1096 974 bo-

145 986 351 1056 loeaustum,
382 1000 457 1045 eum
482 986 655 1045 ventriculo
679 986 891 1045 sacerdotibus
916 986 1092 1045 debebatur.

144 1062 285 1130 Quorum
313 1057 485 1117 sceleribus
510 1057 607 1116 iratus
623 1060 729 1126 Deus,
756 1060 860 1125 Eece,
885 1058 1005 1128 inquit,
1023 1073 1096 1130 pro-

144 1131 249 1203 jiciam
265 1131 299 1188 in
312 1144 368 1189 vos
381 1145 506 1188 armum
519 1171 528 1199 ,
550 1146 588 1188 ex
599 1130 723 1194 victima
738 1146 753 1186 a
768 1144 819 1187 me
831 1128 918 1187 vobis
930 1128 1093 1199 relietum,

144 1211 177 1260 et
184 1203 377 1260 ventriculum
382 1221 396 1271 ,·
409 1202 450 1259 ita
460 1202 575 1259 habent
584 1213 656 1260 Lxx.
677 1203 738 1260 Sed
750 1201 878 1273 majoris
888 1201 993 1272 probri
1002 1217 1096 1260 causa

144 1275 178 1331 in
190 1274 336 1333 hebraico
349 1275 466 1331 dietum
478 1281 527 1331 est
537 1275 652 1346 pereseb
661 1316 674 1342 .,
695 1275 778 1347 quod
791 1273 972 1345 simpliciter
983 1281 1014 1331 et
1025 1274 1096 1330 abs-

137 1359 205 1419 que
222 1347 353 1405 circuitu
368 1355 473 1403 noster
490 1347 707 1416 interpretatus
724 1355 771 1403 est
785 1356 906 1402 stercus.
931 1347 998 1408 lieo
1010 1362 1096 1406 auu-

115 1442 119 1446 *
144 1428 264 1492 metros
281 1434 400 1486 serum,
422 1433 477 1474 vos
495 1418 650 1484 involvet,
673 1419 759 1475 vobis
779 1417 953 1475 asllnerebit.
976 1418 1011 1474 ld
1022 1426 1093 1476 est:

145 1492 257 1548 coram
273 1492 360 1548 omni
376 1489 490 1561 popolo
506 1498 632 1561 propter
649 1491 761 1559 flagitia
783 1500 883 1547 vestra
902 1504 957 1547 vos
970 1490 1002 1546 in
1018 1505 1096 1549 eou-

144 1563 489 1635 temptumadducam,
516 1562 568 1633 qui
585 1570 689 1619 vestro
706 1563 824 1620 nomini
843 1561 997 1619 insidebit.

180 1638 311 1691 Bitttvls.
340 1638 411 1691 Cum
429 1634 575 1690 exarserit
592 1634 719 1689 inbreoi
737 1635 784 1689 iro
800 1635 871 1705 ejus.
893 1635 942 1689 Ps.
958 1643 984 1689 11
1001 1649 1041 1687 m.
1061 1632 1096 1691 iu

144 1713 207 1772 ost,
221 1707 401 1777 paulopost.
416 1706 626 1778 propinquum
634 1705 1092 1776 boiludiciumcommemorat,

179 1781 335 1835 Boethus·
365 1783 428 1835 Neo
448 1778 498 1846 uid
519 1791 638 1836 currere
657 1787 764 1850 queunt
788 1779 819 1832 in
831 1776 921 1846 petris
935 1777 1002 1847 equi
1012 1813 1023 1842 ,
1043 1784 1096 1831 out

145 1851 231 1905 arari
240 1859 335 1926 potest
355 1850 385 1906 in
397 1852 417 1907 ό.
454 1849 531 1917 aiis,
549 1850 687 1923 quoniam
703 1849 884 1904 convertistis
902 1847 933 1901 in
951 1848 1095 1903 amaritu-

145 1923 243 1992 dinem
258 1923 409 1990 'officium
429 1932 457 1978 et
470 1921 733 1990 troctamjusttrtae
743 1921 774 1974 ln
787 1919 986 1976 atstntttomt
1000 1922 1097 1976 Amos

143 2004 181 2050 vt
201 1995 232 2049 ιδ
295 1994 487 2066 penitissime
500 2007 573 2050 cum
587 1992 759 2052 francisco
777 1992 888 2049 Ribeia
904 1991 937 2047 in
949 1991 1034 2049 hunc
1051 1990 1108 2048 lom

143 2066 391 2134 eum-slteemus,
411 2068 508 2124 vitam
518 2074 549 2120 et
560 2075 665 2122 mores
677 2064 856 2134 iniquorum
866 2077 902 2119 ao
910 2063 1095 2133 impiorum,¹

145 2138 308 2209 quitueum
323 2145 354 2194 et
365 2138 507 2195 homines
529 2136 702 2198 irritamus
720 2134 923 2201 exacerbant,
944 2131 1009 2201 tam
1026 2148 1096 2191 esse

144 2207 434 2277 conturbatorem,
458 2222 551 2280 quam
570 2212 678 2266 comt-a
694 2215 836 2263 naturam
849 2206 921 2276 equi
935 2211 1005 2276 est,
1025 2219 1097 2261 cur-

146 2293 217 2343 rere
251 2291 287 2339 et
326 2289 458 2351 roerupta
478 2295 575 2347 saxn;
594 2278 644 2335 vel
662 2287 768 2336 contra
788 2286 931 2334 naturam
950 2274 1105 2348 sllsestrit.

145 2362 177 2411 et
188 2355 218 2410 iu
240 2365 310 2414 ema
333 2353 382 2411 ilis
399 2352 510 2419 bovis,
534 2359 636 2408 aratro
648 2357 810 2408 mansuete
823 2349 950 2408 servire.

180 2430 350 2484 Berintttt.
373 2425 426 2490 ,to
446 2439 553 2498 regem
576 2424 690 2479 ludaeae
712 2424 811 2480 Acitaz
834 2421 872 2478 de
896 2420 1098 2479 emmanuele

147 2495 280 2567 turrinis
293 2497 372 2563 Filio:
387 2496 501 2555 dieitur
514 2512 522 2553 t
536 2500 680 2567 Butyrum
692 2506 720 2551 et
737 2496 793 2550 mel
806 2494 955 2562 casnedet,
979 2503 1011 2549 ut
1023 2494 1097 2551 sciat

146 2571 304 2638 rebrobare
315 2569 427 2628 molum
435 2608 447 2636 ,
465 2578 494 2625 et
509 2561 616 2640 eligere
629 2570 743 2623 bonust.
764 2567 838 2638 Quia
850 2576 1008 2638 antequam
1023 2567 1097 2623 sciat

146 2656 218 2712 puer
235 2644 392 2713 reprobare
413 2642 545 2708 moltam,
566 2650 594 2696 et
612 2641 719 2711 eligere
741 2641 847 2695 bonum
856 2679 867 2709 ‚
884 2640 1116 2711 derelinquetur.

149 2728 247 2781 terra,
261 2730 352 2786 eitam
367 2723 401 2771 tu
414 2712 569 2769 detestaris
589 2728 611 2767 a
623 2712 704 2783 -soeie
714 2712 839 2767 duorrrm
851 2726 1095 2781 regtemsuorum.

147 2789 186 2844 ts.
201 2797 249 2843 vu
267 2788 297 2839 1⁵
315 2801 359 2857 sq.
381 2783 523 2842 Tametsi
540 2798 619 2855 puer
632 2784 683 2842 bie
702 2784 822 2841 iuturus
835 2791 883 2839 est
895 2782 1096 2849 Emmanuel,

149 2872 203 2918 seu
216 2857 473 2916 verusoobiscum
485 2860 582 2913 Deus:
600 2856 704 2914 aletur
720 2863 825 2912 tamen
838 2862 873 2911 ut
885 2854 936 2912 alii
949 2868 1006 2911 suo
1018 2863 1098 2911 tem-

147 2944 226 2998 {tore
239 2930 377 3001 ‘regionis
393 2937 513 2994 ,nostrat
528 2927 691 2997 infantes,
715 2929 813 2986 donec
834 2927 872 2983 ad
889 2939 960 2983 eam
977 2932 1099 2982 {etatem

147 3002 306 3071 perveniat
322 3031 334 3074 ,ι
354 3016 418 3075 ,qua
437 3000 528 3074 pueri
547 3000 598 3058 alii
619 3014 679 3071 pro
694 3001 807 3057 usitato
825 3006 857 3082 et
875 2995 1006 3053 naturali
1027 2995 1099 3051 vitae

143 3085 242 3148 ,eursu
253 3075 466 3140 internoscere
480 3072 628 3129 bouuma
648 3071 732 3129 malo
745 3071 908 3139 incipiunt.
927 3070 1098 3136 Antequam

146 3160 221 3204 vero
239 3146 428 3208 admirabilis
445 3144 496 3202 hic
507 3159 586 3216 puer
603 3152 772 3211 nascatur,
799 3143 998 3223 desereturua·
1012 3138 1096 3202 Deo,

147 3231 184 3274 ae
206 3218 327 3276 deserta
349 3218 519 3277 vastabitur
537 3216 697 3289 provincia
719 3224 872 3284 utruque,
894 3207 1039 3274 Israelis,
1068 3215 1098 3264 et

147 3289 267 3418 Ἥίω,
294 3298 423 3362 questu
441 3302 526 3346 nune
550 3287 738 3345 abominaris
757 3293 788 3342 et
805 3282 945 3365 metuis,
974 3285 1100 3364 propter

145 3360 168 3417 il
199 3370 229 3419 ta
239 3362 298 3419 tibi
307 3377 392 3424 arma
405 3362 549 3419 aPhaeee
559 3360 696 3426 Israelis,
710 3365 741 3415 et
750 3358 843 3414 Rasin
854 3358 950 3424 Syttae
960 3351 1095 3421 regibus.

182 3436 354 3506 2).Butyro
370 3434 465 3507 pedes
486 3433 599 3503 lavare.
627 3431 737 3489 Modus
756 3426 903 3501 loquendi
923 3422 1096 3493 adagialls,

146 3504 199 3576 qul
223 3503 306 3563 illius
328 3507 374 3563 rei
396 3504 624 3562 abundantiam·
643 3501 725 3572 apud
750 3502 895 3558 llebraeos
923 3496 1095 3579 denotabat.

146 3577 292 3634 bovatam
307 3579 389 3648 pedes
398 3593 485 3632 -meos
506 3579 632 3648 btttyro,
648 3584 677 3629 et
691 3582 776 3641 petra
789 3572 928 3644 [tradebat
941 3569 1010 3623 ttttltt'
1021 3569 1099 3626 riuos

146 3648 209 3705 olei.
233 3650 301 3707 lob.
320 3661 399 3707 xxix
413 3651 439 3705 b.
461 3645 539 3706 Tam
553 3645 675 3719 pinguis
693 3653 760 3701 tum
777 3651 843 3701 erat
860 3657 930 3700 mea
949 3641 1098 3706 fortuna,

915 3714 952 3777 lt.
